1958 3210
281 184 326 221 92
849 172 890 206 P.
919 171 1107 206 NATALls
1133 171 1351 205 EPHEMER.

279 288 484 318 raueram
508 272 553 314 in
572 270 837 327 Hispaniam
856 271 988 323 mitti,
1010 279 1058 314 vt
1074 271 1399 327 prouincialem
1419 270 1583 313 alicubi
1602 272 1812 323 iacerem,
1832 272 1911 312 sed

281 351 406 393 tarde
429 349 513 393 iter
537 348 658 401 fecit3
683 347 836 404 itaque
858 348 1011 390 nullus
1035 348 1120 390 fuit
1141 348 1252 390 188
1273 347 1335 389 illi
1358 346 1543 391 relictus
1564 348 1706 389 locus.
1727 346 1912 390 Disces—

280 427 337 469 sit
360 425 630 476 Valentiam,
658 431 706 466 vt
729 431 924 469 tentaret
946 424 984 466 si
1007 424 1116 479 quid
1138 425 1195 468 de
1218 423 1411 480 negocio
1443 423 1609 466 sororis
1638 430 1790 478 posset
1814 424 1911 467 effi—

281 518 398 547 cere:
421 502 532 544 nihil
551 501 762 544 confecit.
782 501 900 544 Dedi
910 501 951 543 ei
972 501 1334 553 instructionem,
1347 501 1384 543 si
1402 500 1576 543 veniret
1594 499 1847 553 Maioricas;
1868 507 1912 544 et

280 580 353 623 hic
382 581 529 622 bonus
566 578 651 620 fuit
685 577 864 621 occasio
897 585 946 620 vt
976 592 1117 634 nepos
1152 579 1344 620 Romam
1377 577 1648 630 mitteretur,
1678 578 1798 632 quod
1831 577 1913 619 fuit

281 656 388 699 mihi
412 655 785 712 ingratissimum,
810 662 898 698 etc.
925 654 990 697 Ibi
1020 654 1170 710 recepi
1201 656 1503 698 Bertrannum
1532 661 1577 697 et
1606 653 1713 697 duxi
1735 668 1913 697 mecum

282 733 329 776 in
351 733 546 777 Galliam
573 734 601 775 ¹.

371 888 481 931 189
616 902 665 930 IN
690 901 887 930 ITINERE
917 899 1329 930 CAESARAUGUSTA
1353 900 1576 930 TOLOSAM

952 977 1000 1006 IN
1034 976 1245 1006 GALLIAM

373 1119 677 1163 Discessimus
699 1119 726 1160 6
748 1117 933 1173 Aprilis.

378 1196 528 1239 Primo
550 1195 638 1247 die,
665 1196 787 1250 quod
808 1194 894 1237 fuit
916 1194 1046 1237 nobis
1069 1194 1115 1237 in
1143 1194 1296 1250 primis
1326 1194 1448 1246 vtile,
1481 1193 1727 1250 reperimus
1756 1194 1918 1236 mulio-

286 1288 382 1325 nes,
407 1273 484 1328 qui
501 1273 730 1316 ducebant
748 1272 1027 1328 Lugdunum
1045 1271 1215 1326 aliquot
1231 1271 1380 1313 mulos
1398 1278 1586 1313 onustos
1603 1270 1832 1327 argenteis
1848 1270 1918 1313 hi-

287 1350 620 1406 spaniensibus,
646 1356 691 1393 et
713 1364 792 1405 per
813 1356 991 1392 montes
1013 1349 1328 1392 conduxerant
1345 1347 1619 1403 praesidium
1641 1347 1813 1402 aliquot
1834 1347 1919 1389 mi-

285 1428 415 1470 litum
439 1428 617 1469 Iacham
640 1440 798 1481 Vsque.

374 1503 595 1547 Venimus
613 1517 717 1546 cum
734 1502 1013 1545 mulionibus
1033 1503 1285 1546 Oloronum
1303 1517 1460 1557 Vsque.
1476 1503 1551 1546 Ad
1569 1503 1774 1558 Syluam,
1790 1501 1919 1558 oppi-

286 1582 410 1633 dum,
442 1579 600 1624 minati
638 1588 745 1623 sunt
770 1579 986 1624 haeretici
1024 1579 1220 1623 Ximeni.
1252 1579 1259 1636 1
1287 1580 1395 1623 Inde
1417 1579 1562 1622 coacti
1585 1594 1742 1622 sumus
1778 1579 1920 1621 multa

286 1664 421 1702 nocte
449 1657 605 1701 venire
635 1656 891 1712 Bigorram,
931 1656 1008 1699 vbi
1046 1671 1204 1712 parum
1242 1655 1387 1699 abfuit
1410 1656 1519 1712 quin
1556 1663 1683 1700 extra
1705 1656 1919 1712 oppidum

286 1742 407 1779 esset
434 1734 566 1777 nobis
592 1735 968 1789 pernoctandum,
994 1748 1097 1776 cum
1121 1733 1331 1786 maximo,
1369 1740 1414 1776 et
1442 1733 1665 1790 periculo,
1705 1741 1750 1777 et
1779 1733 1919 1778 detri-

287 1819 458 1856 mento.
496 1811 684 1854 Fuimus
711 1811 910 1865 admissi,
940 1818 984 1855 et
1013 1810 1271 1855 inuenimus
1302 1810 1547 1867 hospitium
1575 1819 1752 1867 praeter
1775 1826 1916 1867 spem.

289 1889 514 1932 Dominus
536 1903 620 1930 nos
641 1887 773 1930 iuuit.

381 1968 643 2020 Antequam
665 1964 923 2008 veniremus
951 1966 1178 2017 Tolosam,
1204 1980 1343 2020 quum
1367 1965 1673 2022 cogitaremus
1695 1965 1921 2022 Epamias,

292 2044 349 2087 ad
386 2049 584 2093 nostros,
626 2041 930 2086 intelleximus
971 2043 1026 2084 ab
1064 2042 1301 2086 haereticis
1344 2041 1551 2094 reiectos,
1598 2049 1643 2086 et
1680 2044 1927 2085 monachos

292 2134 466 2172 omnes,
492 2125 538 2161 et
560 2124 756 2160 nostros.

380 2239 501 2281 190
999 2252 1216 2282 TOLOSAE
1247 2270 1253 2277 ι

381 2351 534 2394 Prima
555 2358 705 2403 nocte,
731 2350 979 2406 periculum
1001 2366 1027 2393 a
1050 2351 1287 2394 caluinista
1310 2351 1535 2396 haeretice
1561 2352 1829 2408 impetuoso.

381 2429 648 2485 Reperimus
689 2442 782 2480 eos,
823 2427 900 2482 qui
936 2428 1066 2471 eiecti
1113 2429 1290 2471 fuerant
1329 2429 1526 2484 Epamiis
1562 2429 1606 2471 in
1650 2430 1923 2474 monasterio

293 2507 339 2550 S.
365 2506 535 2550 Mariae
556 2507 828 2549 Deauratae.
856 2505 1066 2558 Visitaui,
1093 2513 1174 2548 etc.

382 2582 468 2639 Egi
491 2597 594 2625 cum
616 2583 847 2638 Delpeche
876 2589 921 2625 et
951 2582 1048 2625 aliis
1076 2582 1297 2638 primariis
1325 2583 1650 2627 mercatoribus
1677 2585 1734 2628 de
1763 2585 1925 2626 funda-

294 2659 417 2702 tione
439 2658 638 2716 collegii,
663 2673 754 2714 qua
775 2659 832 2702 de
856 2674 902 2702 re
932 2659 1084 2714 accepi
1112 2660 1265 2703 literas
1294 2662 1351 2702 ad
1379 2660 1650 2704 cardinalem
1681 2660 1927 2717 Armignaa

291 2751 409 2779 cum.
434 2738 730 2792 Incoeperant
752 2735 841 2778 iam
858 2738 1007 2779 furere
1032 2736 1297 2781 caluinistae
1322 2738 1353 2780 ².

365 2920 377 2941 ¹
428 2919 492 2954 Nil
512 2918 700 2966 scriptum
719 2923 780 2954 est
797 2918 837 2954 in
855 2917 922 2954 fol.
947 2918 1013 2954 188
1032 2932 1072 2955 v.

364 2980 378 2999 2
430 2976 688 3022 SACCHJNUS‚
707 2978 780 3015 loc.
801 2977 893 3022 cit„
913 2990 951 3013 n.
969 2977 1029 3022 65.
1050 2978 1114 3014 Nil
1132 2980 1170 3014 in
1190 2979 1256 3015 fol.
1280 2988 1345 3024 190
1363 2992 1401 3016 v.
1423 2981 1609 3028 scriptum
1628 2987 1705 3018 est.
