1958 3210
254 218 323 262 456
824 216 961 251 EPIST.
990 216 1032 250 Ρ.
1062 216 1332 252 NADAL—333

253 317 404 359 scrissi
427 315 606 358 l'ultimi
630 330 714 358 con
742 330 833 358 una
861 316 964 358 lista
991 324 1037 359 et
1065 316 1213 361 indice
1241 318 1286 360 di
1317 319 1421 361 tutti
1450 319 1481 361 li
1511 319 1653 362 scritti
1677 319 1736 362 mi
1758 320 1891 364 diede

255 396 311 436 V.
340 395 411 436 R:
446 392 590 448 potria
622 407 771 436 essere
803 394 888 435 che
921 393 1040 436 fosse
1071 402 1240 438 venuta
1270 394 1315 437 in
1349 410 1482 438 mano
1514 396 1558 438 di
1588 397 1751 452 quella,
1784 412 1889 453 per—
1936 402 1939 403 ⁷

254 471 338 512 che
371 470 504 512 credo
538 471 620 512 che
655 469 978 525 ogninamente
1010 471 1052 512 13
1083 471 1215 514 135531
1247 472 1293 514 111
1327 472 1582 515 Monachio.
1621 474 1723 516 Non
1761 475 1888 529 parlo

254 548 310 590 de
332 546 469 601 quelli
491 545 568 588 dui
592 545 803 589 essamini
819 546 965 602 primi,
987 548 1035 589 id
1051 551 1127 600 est,
1147 549 1360 604 generale
1377 556 1421 593 et
1439 549 1609 602 scritto,
1631 565 1703 592 ma
1719 550 1764 592 di
1783 550 1887 605 quei

253 625 311 667 de
333 623 507 676 rettori‚
534 623 813 678 prouinciali,
845 625 1139 680 procuratori,
1172 626 1377 681 professi,
1403 626 1609 679 ministri,
1640 630 1680 669 et
1708 628 1749 669 si
1773 628 1889 683 quod
1927 677 1936 684 ,‚

256 701 383 742 aliud
406 700 668 742 huiusmodi
695 701 721 742 ¹.
749 702 805 744 V.
835 702 886 743 R.
913 701 979 745 sia
1001 702 1252 758 supplicata
1271 703 1442 746 sarmeli
1460 705 1601 747 hauer
1618 718 1703 746 con
1721 703 1752 746 il
1770 711 1890 748 resto

255 778 372 821 della
402 779 496 831 14³⁴
519 777 816 820 essortatione
839 793 918 834 per
940 779 1101 822 l’amor
1123 780 1195 823 del
1217 780 1399 837 Signor.

344 870 386 911 9.
454 855 639 909 Quanto
662 855 703 896 al
725 862 864 907 resto,
890 855 933 897 io
955 857 1014 898 ho
1037 856 1142 899 dato
1165 856 1383 913 principio
1406 859 1462 900 ad
1485 858 1718 914 esseguire
1742 860 1892 913 quello

255 933 346 975 m²e
368 937 486 974 stato
509 946 759 975 commesso
782 940 827 977 et
848 949 873 976 a
896 940 1085 977 mettere
1108 935 1298 989 qualche
1333 935 1455 977 buon
1484 935 1640 979 ordine
1662 935 1707 977 in
1731 942 1893 990 questo

256 992 467 1065 collegio,
494 1016 539 1052 et
561 1008 666 1064 pian
689 1009 822 1065 piano
852 1025 910 1053 uo
939 1011 1192 1054 facendomi
1221 1026 1386 1067 capace
1416 1012 1692 1064 dell’uffieio,
1718 1013 1893 1055 benche

258 1100 398 1141 penso
423 1088 605 1141 passara
637 1087 791 1129 l’anno
813 1087 955 1142 prima
983 1087 1103 1130 ch'io
1135 1088 1200 1131 sia
1232 1089 1304 1131 vel
1335 1089 1715 1133 mediocremente
1747 1103 1893 1132 esser-

257 1163 411 1206 citato.
440 1165 590 1219 Prego
613 1165 669 1206 V.
698 1165 751 1206 R.
779 1166 879 1216 che,
905 1164 1074 1207 sicome
1096 1180 1182 1208 con
1201 1173 1324 1208 tanta
1342 1165 1514 1208 charita
1536 1168 1657 1208 m’ha
1680 1166 1892 1209 instrutto

256 1249 302 1282 et
332 1240 503 1283 furnito
533 1241 588 1283 de
625 1241 766 1283 mezzi
794 1257 874 1297 per
907 1243 996 1285 ben
1025 1242 1197 1286 seruire
1225 1244 1282 1286 N.
1317 1244 1364 1287 S.
1399 1250 1443 1286 et
1470 1244 1513 1285 13
1541 1258 1623 1285 sua
1651 1244 1894 1286 benedetta

258 1317 542 1373 Compagnia
564 1317 610 1359 in
633 1332 754 1370 esso,
787 1319 880 1361 cosi
909 1318 970 1360 mi
998 1319 1071 1362 dia
1101 1321 1244 1362 anche
1272 1329 1317 1362 et
1350 1319 1491 1362 faccia
1520 1319 1661 1362 sentir
1689 1334 1843 1375 spesso
1864 1319 1894 1361 il
1957 1308 1958 1317 ¹

260 1394 451 1438 sossidio
475 1395 519 1436 di
542 1410 624 1439 sue
647 1403 776 1439 sante
800 1395 1012 1448 orationi,
1043 1404 1088 1440 et
1117 1396 1393 1453 impetrarmi
1414 1397 1487 1439 dal
1516 1396 1683 1453 Signor
1706 1397 1747 1439 13
1769 1396 1894 1440 rino-

260 1471 444 1516 uatione
467 1473 583 1515 della
606 1472 693 1515 mia
718 1473 810 1516 vita
832 1488 918 1516 con
940 1474 982 1516 la
1004 1473 1286 1516 rinouatione
1307 1475 1411 1518 dell'
1438 1473 1588 1516 ufficio
1611 1473 1830 1526 riceuuto,
1850 1480 1896 1517 et

259 1549 406 1605 gratia
429 1549 473 1591 di
496 1564 647 1592 essere
670 1550 746 1605 piu
768 1550 954 1594 solecito
976 1550 1023 1593 in
1047 1551 1279 1603 ubbedire,
1306 1551 1383 1607 piu
1406 1550 1575 1594 humile
1598 1552 1671 1595 nel
1688 1550 1892 1593 conosci-

259 1633 412 1669 mento
430 1626 474 1668 di
496 1642 584 1679 me,
611 1627 886 1670 chariteuole
908 1627 954 1669 in
977 1636 1242 1684 supportare
1264 1628 1293 1669 li
1316 1628 1489 1672 deffetti
1513 1627 1679 1679 d'altri,
1701 1627 1895 1672 discreto

260 1696 585 1756 inmedicarli,
621 1704 911 1760 magnanimo
939 1706 1013 1749 nel
1041 1720 1124 1747 suo
1153 1705 1526 1761 santo'seruigio,
1561 1705 1766 1748 feruente
1790 1705 1893 1748 nell'

258 1781 479 1835 oratione,
501 1781 698 1837 patiente
716 1783 834 1826 nelle
856 1782 1190 1835 contrarietadi,
1212 1791 1256 1827 et
1274 1783 1535 1826 finalmente
1551 1782 1628 1838 piu
1646 1781 1891 1838 resignato,

262 1859 406 1901 fedele
434 1866 479 1901 et
506 1866 681 1901 accetto
713 1874 847 1903 seruo
880 1874 963 1902 suo
996 1866 1125 1915 posto
1158 1874 1289 1915 sopra
1321 1860 1362 1903 13
1394 1874 1477 1903 sua
1510 1858 1720 1915 fameglia
1753 1865 1798 1900 et
1826 1857 1895 1900 vi-

260 1935 432 1991 gilante
456 1936 506 1978 in
528 1936 773 1978 aduentum
803 1938 995 1979 Domini
1023 1937 1112 1978 Dei
1140 1938 1242 1979 mei.
1266 1938 1396 1979 Altro
1420 1951 1511 1979 non
1534 1936 1652 1979 dico.
1679 1938 1829 1992 Prego
1851 1941 1896 1979 et

262 2013 454 2068 pregaro
477 2014 533 2055 N.
563 2013 610 2056 S.
642 2013 715 2056 dia
743 2029 768 2056 a
798 2015 854 2057 V.
892 2015 942 2057 R.
976 2013 1022 2055 di
1054 2013 1270 2056 continuo
1303 2020 1550 2070 augmento
1579 2014 1636 2056 de
1667 2012 1765 2055 suoi
1791 2027 1896 2055 san-

262 2089 423 2132 tissimi
451 2090 578 2142 doni,
612 2097 657 2133 et
690 2092 873 2133 attenda
904 2091 961 2134 lei
994 2106 1071 2146 per
1099 2092 1257 2133 l’amor
1286 2091 1359 2135 del
1388 2090 1555 2147 Signor
1587 2105 1612 2132 a
1641 2091 1789 2145 quella
1817 2104 1899 2132 sua

261 2166 620 2222 indispositione,
647 2169 772 2211 30010
795 2175 920 2211 tanto
943 2168 1020 2224 piu
1043 2169 1115 2211 nel
1139 2168 1338 2224 seruigio
1361 2169 1433 2211 del
1456 2167 1623 2224 Signor
1645 2181 1777 2223 possa
1799 2166 1899 2209 aiu-

264 2243 390 2286 tarci.
417 2244 475 2287 Di
500 2245 669 2301 Parigi,
701 2245 775 2288 alli
804 2261 831 2302 9
859 2245 903 2288 di
930 2247 1048 2302 9‚bre
1083 2247 1208 2300 1563.
1241 2245 1299 2288 Di
1329 2247 1386 2289 V.
1420 2247 1473 2288 R.
1509 2259 1642 2288 seruo
1665 2243 1899 2300 indegnis-

265 2320 377 2364 simo
401 2322 446 2364 in
469 2323 554 2365 Χ.0
578 2324 635 2365 N.
662 2323 730 2375 S.,

1183 2401 1427 2444 OLIUERIO
1461 2401 1717 2443 MANAREO.

354 2476 411 2517 In
434 2480 600 2532 quarta
615 2478 818 2534 pagina:
850 2477 879 2534 †
912 2478 971 2520 Al
1000 2478 1137 2520 molto
1166 2479 1279 2520 Rdo.
1315 2478 1360 2519 in
1394 2476 1478 2520 X.⁰
1514 2476 1658 2518 Padre
1680 2463 1782 2517 il'P.
1809 2473 1898 2518 M.⁰

266 2553 428 2606 Nadal,
454 2554 764 2597 commissario
786 2555 999 2610 generale
1031 2555 1147 2598 della
1177 2553 1459 2610 Compagnia
1491 2553 1535 2595 di
1564 2552 1722 2596 Giesu.
1751 2553 1800 2594 In
1823 2550 1931 2604 Di-¹

266 2628 405 2685 linga.
433 2631 539 2672 Alia
557 2646 715 2673 manu:
738 2632 863 2686 1563.
889 2631 1052 2687 Parigi.
1077 2634 1128 2674 P.
1153 2631 1371 2676 Oliuerio.
1399 2646 1426 2688 9
1443 2630 1488 2673 di
1510 2631 1628 2687 obre
1651 2629 1809 2686 Sigilli
1830 2642 1904 2671 ve-

266 2707 478 2763 stigimn.

345 2876 350 2893 ¹
404 2874 504 2910 Vide
524 2875 642 2922 epist.
668 2874 753 2920 305,
774 2887 816 2910 n.
845 2883 879 2910 1.
