1958 3210
646 186 690 222 25
719 176 936 214 Ocrossms
967 177 1056 222 1563
1595 183 1664 220 427

34 295 138 327 cosa
165 282 190 322 ¹:
217 294 264 322 se
286 279 316 321 li
339 279 364 321 6
386 278 542 321 5611110
571 280 654 322 6116
683 293 732 322 56
761 292 1019 322 0660116556
1042 293 1103 321 un
1126 293 1231 321 caso
1262 277 1421 329 simile,
1455 276 1664 320 massime

0 371 1 378 ¹
33 358 89 402 de
108 370 299 412 persona
321 355 378 399 de
401 355 530 398 fuora
551 355 669 398 della
696 354 995 410 Compagnia,
1021 370 1070 399 se
1101 354 1334 411 potessino
1357 356 1469 397 farlo
1491 354 1664 398 seruire

34 448 110 491 per
133 447 322 488 persona
344 431 389 474 di
412 432 558 484 fuora,
585 432 853 487 pagandola,
874 432 917 473 lo
936 431 1126 484 saccino,
1147 439 1192 475 et
1214 434 1298 474 che
1321 431 1454 474 habia
1476 446 1585 474 cura
1607 432 1665 475 de

35 510 258 568 guardare
279 508 309 550 11
331 508 448 559 suoi,
475 515 519 551 et
542 523 633 552 non
656 515 843 551 mettere
867 507 912 549 in
942 508 1143 564 periculo
1174 523 1223 551 se
1245 516 1406 560 stesso,
1433 515 1603 563 quanto
1627 508 1664 551 si

34 588 176 644 potra.
210 587 332 629 Loro
364 585 401 628 si
423 573 706 640 preparanno
729 585 742 604 ‘²
769 599 847 639 per
868 585 910 627 la
949 585 1244 629 renouatione
1277 585 1382 627 delli
1411 585 1565 637 studii,
1592 600 1665 628 ma

34 665 90 708 V.
117 665 169 706 R.
196 661 418 705 consideri
437 676 501 712 se,
522 662 731 704 andando
748 661 929 703 innanzi
948 663 988 704 13
1005 669 1130 717 peste
1154 662 1199 704 in
1223 662 1415 715 Vienna,
1437 662 1473 704 si
1495 663 1664 705 douera

32 741 264 784 attendere
286 753 373 782 con
396 745 557 794 troppo
581 738 759 781 feruore
781 739 865 781 alle
887 739 1056 790 schole,
1083 754 1108 781 0
1133 753 1181 781 56
1202 738 1444 794 bisognera
1474 753 1663 794 pensare

31 817 76 860 in
98 817 318 859 rimouere
341 816 399 859 de
423 814 600 858 Vienna
627 829 741 871 gran
770 822 896 870 parte
925 815 1029 858 delli
1058 816 1214 858 nostri.
1248 817 1351 859 Non
1384 815 1662 859 intendiamo

31 895 137 951 pero
159 895 242 936 che
266 893 383 935 nella
404 891 513 934 citta
534 891 571 934 si
594 891 793 934 aumenti
816 892 858 934 la
880 899 1017 947 peste.
1087 876 1092 881 ¹

121 982 161 1024 7.
227 972 278 1012 L’
305 968 432 1012 auiso
454 970 538 1011 che
555 969 611 1011 da
635 969 691 1011 V.
719 970 772 1010 R.
793 968 850 1012 de
868 976 1137 1024 ayutarsene
1155 970 1227 1013 del
1244 971 1301 1012 D.
1331 971 1448 1012 Paez
1467 984 1545 1025 per
1562 970 1661 1026 leg*

27 1062 140 1104 gere
161 1048 202 1091 le
224 1045 533 1089 controuersie
555 1045 600 1087 in
626 1045 779 1101 Parigi
801 1060 891 1087 non
914 1046 938 1088 6
961 1060 1103 1088 5611011
1126 1047 1359 1090 conforme
1389 1061 1414 1088 a
1444 1047 1549 1101 quel
1577 1048 1662 1090 che

31 1124 69 1168 si
105 1125 130 1167 e
167 1130 355 1179 pensato
392 1137 523 1179 sopra
561 1122 606 1165 di
644 1122 722 1174 lui,
754 1122 888 1178 dopoi
917 1125 1000 1165 che
1028 1122 1215 1165 13561313
1244 1125 1332 1166 ben
1361 1123 1600 1166 informato
1633 1123 1662 1165 il

33 1204 85 1246 P.
126 1200 330 1244 Dionisio
359 1201 374 1221 ⁵
412 1214 498 1242 con
528 1200 641 1243 altro
670 1202 964 1256 portughese,
1005 1202 1149 1243 anche
1186 1200 1481 1256 predicatore,
1514 1202 1598 1244 che
1626 1201 1662 1244 si

30 1285 324 1334 aspettauano
346 1277 392 1319 in
416 1278 625 1321 Anuersa
649 1277 734 1319 alla
752 1276 976 1332 giornata3
998 1291 1107 1319 uero
1130 1278 1154 1320 e
1172 1279 1270 1329 che,
1294 1292 1341 1320 se
1364 1277 1410 1319 in
1436 1277 1589 1333 Parigi
1613 1293 1661 1322 se

30 1357 239 1411 reputara
261 1354 438 1397 bastino
460 1355 501 1397 16
524 1353 706 1398 lectioni
729 1354 801 1396 del
824 1356 870 1397 M
879 1353 913 1396 ‚⁰
938 1355 1209 1398 Maldonado
1232 1361 1276 1397 et
1298 1355 1370 1397 del
1394 1356 1439 1397 M
1448 1356 1482 1396 .⁰
1507 1356 1661 1398 Vane-

30 1446 128 1489 gas,
170 1433 297 1486 potra
326 1445 476 1474 essere
504 1432 588 1473 che
616 1430 645 1472 il
674 1432 732 1473 D.
767 1432 886 1474 Paez
915 1430 952 1473 si
984 1430 1133 1473 mandi
1173 1431 1218 1473 in
1247 1432 1410 1474 Tolosa
1446 1446 1538 1487 per>
1557 1432 1661 1486 quel

29 1510 184 1552 effetto
207 1507 478 1552 medessimo
496 1509 580 1550 che
598 1509 653 1550 V.
678 1509 730 1550 R.
759 1507 906 1551 scriue
930 1523 957 1550 0
980 1522 1086 1551 6053
1108 1508 1266 1552 simile.

120 1586 161 1628 8.
228 1585 276 1629 Si
299 1586 324 1628 e
346 1584 552 1628 riceuuto
575 1598 634 1626 un
659 1584 815 1627 scritto
832 1585 905 1627 del
925 1587 976 1627 P.
998 1584 1180 1627 Canisio
1198 1586 1270 1627 del
1288 1593 1404 1628 stato
1422 1587 1538 1629 delle
1555 1599 1660 1629 cose

32 1663 88 1705 de
124 1661 324 1718 Dilinga,
360 1662 434 1705 nel
471 1662 575 1716 qual
615 1669 740 1704 tocca
770 1660 891 1706 molti
924 1661 1052 1717 punti
1081 1661 1219 1718 degni
1248 1662 1304 1705 de
1335 1662 1660 1706 consideratio-

33 1754 106 1793 ne3
131 1754 203 1782 ma
225 1740 281 1782 N.
311 1741 362 1781 P.
389 1738 616 1794 preposito
640 1740 696 1781 ha
725 1738 956 1795 giudicato
979 1753 1068 1781 non
1092 1739 1233 1782 douer
1257 1741 1322 1790 far
1352 1739 1558 1795 risposta‚
1590 1739 1660 1782 in—

34 1816 131 1860 sino
154 1831 179 1859 a
208 1823 332 1859 tanto
362 1817 447 1859 che
475 1817 531 1859 V.
566 1817 619 1858 R.
654 1817 769 1859 ueda
796 1816 838 1859 le
865 1829 970 1858 cose
998 1815 1042 1858 di
1070 1817 1128 1868 la,
1161 1823 1206 1859 et
1233 1816 1329 1858 56111
1358 1816 1662 1860 mandarebbe

35 1900 193 1949 questo
231 1893 403 1946 scritto,
443 1907 492 1936 se
528 1908 620 1935 non
656 1892 693 1936 si
733 1892 891 1936 facessi
924 1902 1059 1936 conto
1088 1894 1171 1936 che
1200 1895 1299 1936 sara
1338 1893 1576 1936 informato
1605 1895 1661 1938 de

33 1971 188 2027 parola
209 1984 289 2026 per
310 1970 340 2012 11
369 1970 616 2014 medesimo
640 1972 692 2013 P.
726 1970 925 2013 Canisio.
958 1971 1018 2014 Se
1048 1970 1217 2013 riserua
1239 1972 1452 2026 adunque
1481 1986 1506 2013 a
1533 1971 1602 2013 dir
1633 1971 1662 2013 il

33 2061 117 2091 suo
141 2061 297 2103 parere
320 2049 378 2090 N.
406 2050 458 2091 P.
485 2047 632 2090 insino
654 2048 822 2090 alhora:
850 2049 938 2090 ben
966 2047 996 2089 li
1026 2062 1130 2103 pare
1159 2050 1242 2090 che
1272 2047 1309 2090 si
1337 2048 1468 2090 debia
1499 2062 1660 2103 proce-

33 2125 139 2169 dere
175 2132 470 2168 suauemente
499 2139 578 2180 per
609 2126 784 2176 adesso,
816 2126 1026 2168 hauendo
1056 2139 1141 2180 pur
1168 2125 1196 2166 l'
1231 2125 1377 2176 ochio,
1419 2133 1588 2179 quanto
1625 2125 1661 2167 si

31 2204 175 2258 potra,
201 2217 225 2244 a
247 2202 372 2245 leuar
394 2202 436 2245 le
458 2201 646 2245 misture
667 2202 723 2244 de
745 2202 934 2246 secolari
957 2217 1041 2244 con
1065 2201 1095 2243 li
1118 2202 1275 2253 nostri,
1302 2210 1347 2245 et
1366 2204 1406 2245 16
1430 2216 1533 2246 6056
1556 2216 1661 2257 pro-

33 2292 179 2321 messe
200 2294 279 2334 per
301 2278 331 2320 il
353 2278 578 2322 cardinale
600 2293 678 2335 per
702 2278 732 2320 il
754 2293 887 2322 meno
908 2279 938 2320 li
959 2294 1064 2334 pare
1087 2279 1280 2323 debiano
1298 2278 1568 2322 obseruarsi.

122 2370 164 2412 9.
231 2356 458 2398 Andando
480 2355 509 2398 il
530 2370 728 2399 vescouo
744 2355 789 2398 di
808 2356 1082 2399 Montalcino
1101 2357 1173 2399 (131
1190 2356 1404 2405 cardinal,
1426 2371 1473 2399 se
1492 2356 1521 2397 11
1538 2356 1661 2398 (16116

34 2431 80 2475 111
102 2433 315 2477 memoria
335 2432 366 2474 -il
388 2434 634 2476 domandar
656 2432 841 2489 prestati
863 2433 891 2475 li
915 2432 1014 2475 libri
1038 2435 1122 2477 che
1145 2433 1263 2477 tiene
1293 2432 1336 2474 in
1366 2432 1656 2488 Ingolstadio,

33 2517 79 2553 et
106 2509 147 2552 ci
174 2512 232 2553 ha
260 2511 373 2553 fatto
402 2510 663 2566 rispondere
691 2512 774 2554 che
803 2510 840 2553 si
869 2510 941 2553 dia
970 2526 1059 2553 una
1087 2510 1188 2553 lista
1225 2510 1329 2553 delli
1362 2509 1460 2551 libri
1495 2524 1659 2553 conue-

32 2586 173 2630 nienti
209 2601 288 2643 per
325 2587 355 2629 il
384 2587 577 2644 collegio
604 2595 775 2641 nostro,
807 2595 851 2631 et
880 2590 963 2631 che
992 2587 1127 2642 quelli
1156 2602 1204 2630 se
1232 2587 1514 2643 pigliaranno
1543 2587 1660 2630 della

31 2664 156 2707 detta
182 2664 376 2717 libraria,
407 2679 435 2708 0
462 2665 519 2708 (16
547 2665 659 2707 31113
688 2665 852 2716 banda,
884 2679 910 2707 0
938 2665 974 2707 51
1003 2679 1343 2720 compraranno.
1386 2665 1491 2706 Non
1531 2678 1581 2706 so
1618 2664 1661 2706 la

105 2809 112 2829 ¹
165 2807 264 2843 Vide
283 2808 401 2855 epist.
427 2807 511 2852 323,
531 2820 568 2844 n.
589 2807 624 2852 3;
645 2813 684 2843 et
702 2807 784 2843 326.

98 2869 111 2888 ‘²
163 2868 239 2903 Ms.
263 2880 397 2902 aamzo
411 2871 691 2914 preparanno:
710 2879 756 2903 eo
775 2868 876 2914 quod
895 2867 1074 2903 librarius
1094 2866 1240 2902 oblitus
1260 2866 1313 2901 fui
1332 2865 1488 2901 delendi
1507 2877 1659 2912 ammo,

29 2936 105 2971 quo
122 2925 226 2972 prius
245 2926 442 2973 inceperat
460 2927 628 2973 phrasim
645 2928 778 2962 hanno
792 2930 1014 2974 preparato
1034 2932 1114 2962 616.

103 2986 117 3006 ⁵
166 2986 213 3020 P.
238 2975 451 3032 Dionysius
466 2987 665 3033 VazqueZ.
