1958 3210
734 144 952 179 APPENDIX
1490 161 1494 165 -
1581 145 1649 191 537

34 247 175 300 annis3
207 254 252 290 et
280 245 472 298 Treuiri,
508 261 625 289 anno
657 246 856 287 nondum
879 245 1046 300 elapSO,
1072 246 1160 287 huc
1182 245 1464 301 Moguntiam
1487 245 1650 289 missus

0 322 149 352 :·sum.
202 306 331 348 16...
378 305 426 349 Si
462 305 548 348 alia
579 303 965 347 mortificationem
1003 305 1320 348 concernentia
1357 312 1644 359 quaerantur,

0 385 1 390 ¹
31 364 195 410 sufficit
210 363 449 406 triennium
468 370 627 415 totum,
643 377 731 418 quo
746 362 964 405 Coloniae
978 362 1057 414 fui,
1072 362 1116 404 in
1132 363 1327 407 medium
1343 365 1516 407 afferre.
1533 366 1648 407 Nam

31 424 91 468 ibi
105 424 221 467 inter
234 423 425 474 labores,
443 422 670 466 molestias
687 428 990 474 externorum,
1011 421 1084 463 vix
1101 422 1156 464 de
1171 422 1394 466 Societate
1410 423 1647 477 quicquam

32 485 123 527 fere
150 484 158 503 ¹
185 481 337 524 audiui
360 481 555 532 aliunde,
582 495 665 523 nec
686 480 777 521 vidi
800 479 876 531 ibi,
902 479 990 522 imo
1018 494 1120 523 cum
1145 481 1340 524 externis
1364 488 1413 523 ut
1435 482 1650 524 secularis

31 543 77 585 in
97 540 277 592 scholis,
304 539 485 592 mensis,
511 539 731 582 cubiculis
755 547 798 582 et
820 538 962 589 lectis,
988 538 1142 583 viuere
1165 540 1314 592 iussus
1336 555 1452 593 sum,
1480 541 1650 596 regulis

31 607 76 645 et
96 613 199 642 cum
222 598 274 641 iis
298 598 405 652 vita,
431 613 546 653 quae
574 599 823 640 secundum
852 598 1032 652 regulas
1062 605 1196 651 esset,
1222 599 1394 654 pulpito
1424 599 1645 642 inclussis:

31 660 88 703 ob
110 657 442 701 multitudinem
465 657 775 699 conuictorum
798 656 841 697 in
864 657 997 698 domo
1020 658 1243 699 conducta
1260 672 1361 699 cum
1381 658 1648 712 quibusdam

32 718 188 775 procul
212 732 237 758 a
259 716 450 771 collegio
472 715 674 758 habitare
696 715 862 767 iussus,
886 729 977 756 non
999 717 1137 758 semel
1166 723 1338 758 tantum
1371 716 1646 759 ebriosorum

35 776 311 830 aliorumque
336 774 705 830 persequentium
735 773 890 815 stricta
920 774 1007 816 tela
1032 774 1150 829 fugi,
1177 782 1222 818 et
1250 776 1387 818 semel
1417 790 1518 817 cum
1548 783 1650 818 octo

33 837 124 878 fere
146 849 224 890 per
245 834 467 889 integram
491 847 700 888 magnam
722 833 933 887 plateam.
967 833 1154 888 Semper
1183 834 1365 876 meliora
1395 835 1647 889 expectaui,

33 901 78 939 et
99 893 214 935 inter
231 893 380 935 omnia
405 892 489 935 ista
511 899 556 934 et
578 892 705 947 plura
733 890 833 941 alia,
860 906 939 945 per
971 891 1054 933 Dei
1087 892 1294 947 gratiam,
1321 892 1558 936 Societatis
1581 895 1650 935 vel

35 953 130 996 sola
164 951 379 1007 cogitatio
412 952 532 1005 quod
565 951 610 992 in
642 964 695 992 ea
727 964 887 1000 essem,
923 956 967 993 et
991 951 1123 992 talem
1146 950 1190 992 in
1209 951 1331 993 Italia
1354 951 1554 1003 viderim,
1581 967 1652 994 me

36 1011 265 1054 consolata
293 1017 380 1053 est.
424 1012 546 1054 Inter
573 1009 776 1052 infideles
805 1009 904 1063 plus
939 1009 1214 1051 collectionis
1248 1011 1360 1053 sorte
1396 1011 1650 1053 habuissem

37 1081 170 1126 quam
189 1069 265 1121 ibi,
287 1083 388 1111 curn
408 1069 557 1111 omnia
575 1069 706 1124 plena
724 1067 905 1119 fuerint,
926 1074 971 1110 et
988 1067 1032 1109 in
1056 1083 1144 1110 vno
1161 1084 1299 1124 paruo
1317 1069 1524 1112 cubiculo
1548 1084 1649 1111 cum

37 1137 139 1172 octo
163 1129 232 1171 vel
253 1143 416 1171 nouem
441 1127 638 1171 externis
662 1125 837 1177 fuerim,
864 1133 908 1169 et
930 1140 1032 1168 cum
1057 1142 1145 1169 vno
1174 1135 1359 1170 externo
1381 1136 1425 1170 et
1448 1130 1650 1182 quando—

35 1203 120 1243 que
142 1188 319 1230 duobus
342 1187 387 1228 in
409 1188 567 1229 eodem
586 1187 717 1228 lecto.
740 1184 846 1236 Alii,
867 1185 943 1240 qui
961 1185 1020 1226 ibi
1040 1186 1235 1238 fuerunt,
1258 1186 1390 1230 etiam
1409 1195 1515 1228 sunt
1533 1187 1649 1242 passi

36 1247 198 1303 aliqua,
222 1247 301 1290 sed
334 1245 514 1301 quidam
543 1246 599 1288 ob
629 1244 861 1301 grauiores
889 1244 1119 1295 lectiones⁷
1153 1245 1225 1286 alii
1246 1247 1303 1287 ob
1327 1247 1650 1289 sacerdotalem

35 1306 347 1356 reuerentiam,
375 1305 445 1360 alij
471 1304 574 1360 quia
595 1304 640 1346 in
663 1318 798 1346 cursu
821 1303 1129 1358 philosophico
1146 1311 1288 1355 erant,
1310 1312 1354 1347 et
1372 1305 1574 1347 nonnulli
1592 1306 1650 1347 ob

34 1364 141 1407 alias
163 1379 322 1407 causas
343 1366 440 1406 Deo
462 1371 506 1406 et
527 1362 833 1419 superioribus
855 1368 1001 1414 notas,
1026 1362 1189 1415 minus3
1216 1363 1324 1404 mihi
1343 1378 1464 1415 vero,
1485 1371 1530 1407 et
1547 1364 1652 1418 quia

35 1423 200 1478 aliquid
222 1424 278 1466 de
299 1422 456 1478 lingua
484 1421 741 1478 germanica
769 1421 981 1472 sciebam,
1013 1428 1058 1464 et
1088 1421 1239 1465 faciles
1268 1422 1483 1466 lectiones
1511 1424 1651 1465 habe-

33 1497 143 1536 rem,
168 1497 343 1538 semper
375 1484 484 1524 haec
508 1489 553 1525 et
575 1481 734 1524 similia
751 1480 1116 1535 imponebantur.
1151 1482 1358 1535 Quatuor
1389 1495 1531 1523 annos
1563 1481 1650 1523 iam

33 1543 190 1584 doceo.
213 1576 220 1584 .
242 1576 250 1583 .
284 1553 358 1583 22.
392 1540 583 1584 Mirabili
605 1541 738 1582 modo
766 1546 811 1582 et
833 1538 1135 1594 singulariter,
1162 1546 1275 1583 teste
1303 1542 1365 1582 D.
1398 1542 1649 1591 Leonarclo,

34 1601 89 1644 ad
111 1600 381 1645 Societatem
412 1606 600 1642 vocatus
632 1614 747 1642 sum:
779 1612 863 1640 nec
885 1612 1081 1652 vnquam
1105 1598 1211 1640 mihi
1235 1598 1320 1640 fuit
1342 1613 1420 1653 per
1441 1599 1527 1641 Dei
1547 1613 1651 1654 gra—

34 1659 139 1703 tiam
161 1659 364 1712 dubium,
389 1659 496 1713 quin
519 1660 630 1701 haec
653 1657 855 1702 Societas
876 1656 933 1699 sit
962 1672 1060 1700 mea
1092 1657 1282 1709 vocati03
1304 1665 1348 1700 et
1366 1657 1411 1699 in
1428 1673 1481 1700 ea
1498 1672 1647 1713 perse-

35 1733 206 1770 uerare,
232 1720 329 1761 Deo
365 1718 623 1769 adiuuante,
650 1724 831 1772 paratus
863 1730 982 1758 sum.
1025 1728 1099 1770 23.
1143 1718 1244 1759 Non
1280 1731 1392 1767 raro,
1428 1716 1519 1759 imo
1559 1718 1653 1760 fere

33 1792 207 1833 semper
229 1779 462 1828 hactenus,
492 1776 629 1820 habui
661 1777 706 1818 in
734 1775 960 1820 Societate
982 1775 1209 1827 exercitia,
1235 1778 1333 1818 Deo
1351 1775 1395 1817 id
1417 1775 1479 1818 ita
1500 1775 1651 1831 dispo-

33 1844 183 1888 nente,
209 1836 399 1879 naturali
425 1835 701 1878 inclinationi
728 1833 1042 1890 repugnantia,
1075 1841 1119 1878 et
1147 1835 1296 1877 iussus
1327 1834 1426 1886 feci,
1452 1842 1497 1877 et
1519 1849 1650 1877 num—

33 1911 165 1951 quam
186 1895 293 1938 'scio
324 1911 395 1939 me
425 1895 469 1936 in
503 1895 704 1937 fraudem
735 1894 979 1948 quidquam
1012 1893 1057 1934 in
1090 1893 1154 1936 eis
1192 1893 1373 1944 fecisse,
1415 1908 1514 1944 nec,
1554 1895 1653 1937 Deo

32 1955 232 2008 iuuante,
257 1969 454 2010 vnquam
476 1954 653 2007 faciam,
673 1960 718 1996 et
734 1952 933 1995 hilariter
949 1959 994 1994 et
1010 1951 1317 1996 indifferenter
1334 1952 1467 1994 obibo
1485 1953 1650 1995 omnia.

35 2026 108 2068 24.
142 2016 267 2056 Bona
288 2013 503 2069 principia
526 2012 709 2068 linguae
730 2025 920 2068 graecae
950 2011 1120 2053 tamdiu
1149 2013 1308 2063 habeo,
1336 2019 1381 2055 et
1409 2026 1653 2066 numquam

35 2073 145 2129 (laus
166 2073 278 2127 Deo)
302 2078 560 2128 assumptus
583 2071 646 2114 fui
670 2072 726 2114 ad
748 2071 1000 2114 docendum
1024 2071 1095 2112 vel
1124 2070 1220 2113 eius
1249 2071 1390 2126 prima
1413 2071 1650 2122 elementa,

34 2131 138 2175 licet
159 2133 215 2174 ad
236 2131 282 2173 id
303 2131 407 2174 alibi
430 2130 647 2186 assumpti
670 2131 775 2182 sint,
800 2144 992 2184 quorum
1017 2129 1152 2183 aliqui
1176 2129 1285 2171 nihil
1310 2131 1400 2173 fere
1423 2129 1467 2170 in
1492 2145 1544 2173 ea
1565 2129 1654 2171 sci-

35 2191 197 2244 uerint,
230 2191 343 2233 alius
372 2206 462 2233 non
492 2190 674 2233 sciuerit
710 2190 826 2232 bene
859 2190 1032 2244 legere3
1069 2188 1204 2243 idque
1238 2190 1403 2231 factum
1427 2190 1482 2230 ad
1505 2202 1653 2232 meum

35 2250 263 2303 maiorem,
289 2257 414 2305 puto,
440 2249 714 2305 spiritualem
738 2250 954 2290 fructum.
991 2249 1091 2304 Jam
1124 2254 1218 2289 turn
1251 2262 1429 2303 graeca,
1456 2247 1654 2301 philoso-

36 2309 165 2364 phica
187 2318 232 2352 et
252 2309 417 2360 omnia,
448 2309 504 2350 ad
535 2323 649 2363 quae
682 2314 785 2350 ante
817 2306 953 2349 habui
982 2306 1332 2357 inclinationem,
1360 2306 1586 2348 fastidium
1609 2314 1655 2348 et

35 2382 246 2411 nauseam
285 2374 505 2424 generant
542 2382 622 2422 pro
658 2366 916 2410 vehementi
952 2365 1240 2408 inclinatione
1278 2364 1463 2407 iuuandi
1502 2364 1653 2420 proxi—

5 2441 176 2480 ‘mum-
213 2429 260 2483 [L
292 2427 454 2480 145³)ss
482 2426 657 2483 145-ter]

127 2499 167 2529 Ι.
238 2487 449 2528 Andreas
486 2500 666 2536 nomen,
692 2484 873 2527 Istzcani
894 2484 908 2504 ‘²
933 2498 1204 2539 cognomen,
1236 2482 1281 2524 id
1309 2489 1376 2524 est
1406 2481 1641 2537 Stephani.

37 2557 81 2587 2.
113 2546 349 2588 Annorum
373 2557 448 2587 22.
482 2558 527 2598 3.
559 2545 693 2588 Natio
717 2543 951 2599 Hungaria
973 2557 1029 2585 ex
1052 2544 1252 2585 Babuza.
1275 2576 1281 2582 .
1304 2576 1311 2583 .
1347 2553 1392 2594 7.
1425 2540 1654 2585 Seruierat

36 2603 258 2659 aliquibus
286 2603 506 2660 episcopis
535 2603 579 2645 in
617 2603 743 2646 Italia
778 2609 1019 2657 antequam
1057 2601 1331 2656 reciperetur
1369 2600 1414 2642 in
1451 2599 1654 2643 Societa—

109 2775 118 2793 ¹
169 2770 347 2807 Obscure
366 2775 582 2806 exaratum.
1366 2811 1369 2813 -

104 2817 119 2837 ²
166 2818 254 2853 Non
272 2819 373 2853 clare
392 2823 550 2865 apparet
579 2829 628 2852 an
658 2817 830 2862 Istuani,
857 2816 919 2850 vel
944 2815 1136 2855 Istzcanis,
1171 2815 1232 2848 vel
1251 2812 1443 2853 Istzmniz,
1468 2810 1654 2856 scripturn

38 2864 169 2900 fuerit.
194 2866 238 2900 In
258 2866 430 2910 margine
465 2865 580 2910 hujus
611 2864 814 2909 examinis,
835 2863 983 2897 Natalis
1004 2873 1117 2896 manu
1149 2861 1244 2896 haec
1274 2860 1416 2905 scripta
1440 2859 1646 2893 habentur.

38 2912 147 2948 Haec
159 2914 318 2959 scripsit
341 2914 383 2948 Ρ.
405 2913 537 2948 Adam
552 2915 628 2959 pro
647 2913 749 2958 ipso.
