1958 3210
194 204 217 239 8
770 201 813 235 P.
843 201 1029 236 NATALIS
1056 202 1275 237 EPHEMER.

195 306 252 347 ad
277 303 499 346 visitanda
517 301 711 357 collegia
729 301 880 343 omnia
899 302 955 344 ad
972 302 1271 357 publicandas
1286 317 1338 346 ac
1356 301 1648 347 declarandas
1666 300 1837 343 consti-

196 380 396 422 tutiones
420 377 678 430 Societatis,
704 378 888 432 regulas
912 379 1333 430 accommodandas,
1360 393 1412 422 ac
1435 378 1656 421 rationem
1680 376 1834 433 proui-

193 455 333 499 sionis
356 454 531 509 collegij
558 453 731 495 romani
759 452 1102 508 expediendam:
1129 455 1419 497 laborabatur
1451 454 1570 498 enim
1594 453 1725 510 graui
1747 467 1830 510 pe—

195 531 325 574 nuria
346 531 390 572 in
415 530 623 585 collegio,
649 536 695 572 et
717 529 864 572 alieno
882 543 984 572 aere
1006 544 1098 572 non
1116 530 1308 573 modico.
1331 531 1559 575 Professio
1577 533 1634 574 D.
1658 530 1827 574 Ollaui.

195 609 274 651 34
300 607 405 650 Fuit
427 607 473 649 in
497 605 719 661 Hispania
741 605 916 648 Natalis
946 607 996 648 16
1015 620 1209 649 menses:
1236 607 1439 650 visitauit
1457 607 1646 663 collegia
1664 605 1829 649 omnia:

194 683 547 727 constitutiones
585 682 909 738 promulgauit,
936 697 989 725 ac
1026 683 1275 727 declarauit
1304 683 1348 725 in
1379 683 1589 727 omnibus
1611 682 1831 738 collegiis:

199 762 383 817 regulas
415 774 622 803 romanas
656 759 741 802 illis
780 759 985 816 collegijs
1024 760 1404 804 accommodauit:
1431 761 1673 803 nonnullas
1705 774 1837 815 prae-

197 846 321 880 terea
343 837 530 889 addidit,
556 851 672 891 quae
689 836 961 880 videbantur
978 837 1260 881 necessariae
1278 844 1356 880 aut
1374 837 1506 880 Vtiles
1525 837 1722 880 futurae.
1744 837 1838 878 Ex-

198 914 351 971 pedita
388 922 457 958 est
495 914 693 970 prouisio
732 913 909 970 collegij
954 914 1144 965 romani,
1187 914 1414 971 missaque
1445 916 1635 957 Romam
1673 914 1730 956 ad
1762 927 1841 957 sex

199 991 337 1034 millia
359 1006 615 1034 aureorum.
650 992 685 1033 F
692 992 861 1034 undata
889 991 1051 1033 domus
1080 1006 1170 1035 vna
1194 992 1413 1047 professa,
1440 992 1602 1034 domus
1624 1005 1715 1033 vna
1736 1005 1841 1046 pro-

200 1068 411 1121 bationis,
433 1068 625 1124 collegia
648 1075 843 1124 quatuor
860 1068 1087 1121 inchoata,
1108 1083 1249 1110 vnum
1267 1069 1489 1120 dotatum,
1510 1083 1650 1110 vnum
1670 1067 1841 1110 consti-

204 1152 376 1199 tutum,
417 1146 609 1189 alterum
655 1146 915 1188 adauctum.
958 1145 1211 1188 Conficitur
1248 1145 1492 1201 negocium
1531 1144 1757 1188 missionis
1795 1143 1841 1186 in

204 1222 510 1278 Aethiopiam:
536 1221 688 1279 agitur
709 1223 767 1266 de
789 1222 983 1279 collegio
1005 1222 1134 1279 regio
1159 1222 1376 1267 Societati
1400 1222 1682 1279 applicando.
1710 1220 1839 1265 Diui-

203 1299 262 1342 sit
285 1298 552 1355 Hispaniam
576 1306 732 1353 totam,
764 1299 770 1357 Ι
798 1299 982 1355 speciali
1006 1299 1344 1353 commissione,
1371 1299 1418 1342 in
1440 1306 1636 1355 quatuor
1658 1298 1845 1355 prouin-

205 1376 313 1419 cias:
340 1377 683 1433 Portugalliam,
724 1377 1001 1429 Castelliam,
1044 1376 1307 1421 Baethicam
1335 1384 1381 1420 et
1409 1376 1706 1432 Aragoniam:
1740 1389 1846 1432 pro—

206 1453 436 1495 nuntiauit
458 1453 779 1509 prouinciales,
808 1454 1116 1510 portugalliae
1141 1456 1323 1497 Patrem
1342 1453 1583 1506 Mironem,
1606 1451 1848 1496 Castelliae

209 1532 390 1573 Patrem
408 1530 667 1583 Araosium‚
690 1531 934 1574 Baethicae
956 1534 1138 1574 Patrem
1157 1532 1361 1584 Torrem,
1383 1530 1646 1586 Aragoniae
1667 1532 1848 1573 Patrem

207 1606 453 1660 Stradium3
485 1608 842 1651 commissarium
882 1623 989 1652 vero
1018 1609 1279 1664 generalem
1307 1607 1353 1650 in
1384 1614 1479 1650 tota
1508 1606 1730 1663 Hispania
1760 1608 1848 1649 Pa—

207 1691 322 1728 trem
346 1686 381 1727 F
385 1684 655 1737 ranciscum,
682 1685 813 1728 cuius
835 1685 1082 1729 auctoritas
1105 1685 1151 1727 in
1168 1684 1378 1728 omnibus
1396 1684 1512 1727 iuuit
1530 1683 1732 1740 inprimis
1751 1684 1847 1726 Na—

209 1762 359 1804 talem.
386 1762 513 1805 Fecit
537 1776 560 1817 3
585 1764 828 1819 professos,
855 1776 883 1817 4
905 1763 1190 1806 coadiutores
1212 1762 1484 1818 spirituales,
1511 1776 1564 1804 ac
1594 1761 1709 1803 duos
1732 1767 1847 1803 tem—

207 1839 399 1894 porales.
427 1839 638 1892 Mittitur,
666 1848 909 1896 antequam
936 1840 1112 1884 veniret
1143 1842 1194 1882 Ρ.
1227 1839 1402 1883 Natalis
1424 1839 1471 1881 in
1501 1836 1845 1894 Portugalliam,

212 1917 274 1958 M.
298 1916 455 1960 Simon
473 1918 677 1970 Romam,
699 1919 822 1973 quod
839 1919 1000 1974 probat
1018 1917 1209 1970 Natalis,
1228 1931 1281 1960 ac
1298 1917 1377 1960 dat
1393 1916 1456 1958 illi
1473 1915 1646 1959 socium
1666 1916 1718 1957 P.
1741 1914 1852 1957 Car-

211 1993 388 2036 nerium
416 1995 443 2036 ¹.
468 1994 664 2038 Mittitur
687 1997 739 2038 P.
774 1997 956 2051 Laynez
979 1996 1206 2047 Genuam,
1236 1995 1298 2037 M.
1326 1994 1562 2038 Salmeron
1591 1990 1846 2047 Neapolim.

213 2070 572 2114 Concionantur.
621 2073 698 2116 35
735 2073 993 2129 Collegium
1032 2073 1251 2116 abulense
1289 2071 1543 2114 inchoatur.
1587 2068 1855 2112 Excitantur

213 2147 462 2190 aduersarii
490 2156 648 2192 contra
682 2149 913 2194 exercitia:
946 2151 1160 2193 deferunt
1188 2150 1245 2192 ad
1274 2147 1580 2203 inquisitores:
1606 2160 1678 2188 res
1707 2152 1857 2188 tamen

212 2225 461 2269 euanescit.
489 2226 746 2283 Collegium
767 2229 987 2270 eborense
1009 2226 1318 2278 constituitur3
1344 2225 1617 2268 inchoantur
1638 2221 1857 2265 lectiones

215 2300 263 2343 in
284 2301 426 2346 literis
447 2303 807 2356 humanioribus,
834 2318 886 2347 ac
909 2318 1097 2347 casuum
1121 2301 1430 2346 conscientiae
1452 2299 1705 2343 instituitur
1722 2313 1857 2341 enar-

219 2378 345 2421 ratio.
368 2380 624 2437 Collegium
642 2382 994 2437 vlysipponense
1011 2387 1223 2437 augetur,
1245 2378 1410 2422 additis
1428 2378 1684 2434 professore
1702 2376 1857 2420 litera-

220 2469 319 2497 rum
357 2470 624 2511 graecarum
663 2472 716 2501 ac
754 2458 1017 2510 rethorices,
1051 2457 1138 2501 alio
1176 2464 1411 2513 praeterea
1448 2453 1767 2511 grammatices
1805 2466 1857 2495 ac

219 2545 409 2575 casuum
427 2535 747 2578 conscientiae.
770 2535 942 2591 Agitur
958 2542 1007 2577 vt
1022 2550 1102 2578 rex
1120 2533 1255 2577 simul
1268 2540 1313 2576 et
1327 2531 1489 2575 ciuitas
1504 2530 1624 2573 illius
1639 2529 1860 2586 suscipiat

219 2622 391 2652 curam.
424 2611 430 2667 Ι
458 2612 493 2653 F
500 2613 695 2654 undatur
724 2612 959 2668 Vlisipone
996 2612 1158 2654 domus
1197 2611 1255 2653 2?
1283 2609 1589 2666 professorum
1619 2605 1863 2652 Societatis

222 2692 270 2729 et
292 2685 409 2728 fiunt
430 2688 636 2742 professi,
664 2696 750 2733 etc.
780 2689 1040 2732 Instituitur
1061 2689 1223 2730 domus
1251 2684 1533 2743 probationis
1556 2683 1861 2740 Cohjmbriae.

225 2762 516 2819 Transigitur
553 2779 657 2807 cum
697 2781 807 2822 rege
842 2767 900 2810 de
936 2765 1154 2808 missione
1192 2764 1238 2806 in
1275 2762 1563 2819 Ethyopiam.
1605 2760 1775 2818 Agitur
1810 2760 1868 2802 de

296 2946 307 2966 ¹
358 2947 471 2982 Prius
489 2948 698 2994 scripserat
726 2948 978 2985 Carnelium.
1005 2950 1149 2984 Postea
1173 2948 1257 2995 ipse
1276 2946 1400 2982 Nadal
1433 2945 1658 2981 emendavit
1689 2943 1868 2979 scribens

229 3004 490 3042 Cartzerium.
