1958 3210
646 196 688 222 10
714 188 956 224 DEcEMssms
989 187 1077 232 1562
1610 187 1677 223 183

138 293 246 334 Post
278 290 495 344 scriptum
519 302 660 330 manu
690 289 852 330 Patris
877 289 1064 330 Lamez:
1097 291 1282 344 Quanto
1305 290 1347 332 al
1376 290 1604 332 consultar
1633 289 1676 332 al

48 366 235 418 medico,
261 367 302 407 lo
325 380 413 421 que
435 379 491 420 yo
515 379 640 420 puse,
661 379 718 419 yo
740 365 785 406 lo
809 363 950 419 quito;
977 378 1083 419 pero
1108 366 1254 419 queda
1275 380 1365 420 que
1387 365 1497 408 mire
1520 380 1599 421 por
1620 380 1675 408 su

49 442 189 495 salud‚
214 445 358 497 segt'm
382 455 469 496 que
491 441 533 483 la
556 444 691 483 razon
714 455 740 495 y
765 440 978 482 cliaridad
996 439 1052 482 de
1074 441 1115 482 13
1140 442 1388 496 Compasn'a
1411 457 1439 496 y
1462 441 1567 485 bien
1590 446 1675 498 pu—

50 519 162 561 blico
183 517 402 572 requiere.
429 518 527 560 Con
551 523 647 560 esto
670 517 711 560 la
740 516 928 559 limosna
951 531 978 571 y
1001 530 1181 558 socorro
1212 532 1301 572 que
1323 517 1490 560 hiziere
1519 522 1543 560 a
1573 533 1675 561 esos

19 646 26 650 .
51 594 260 650 collegios
282 595 323 636 la
347 594 503 638 tendre
526 608 606 649 por
635 594 843 637 acertada
865 608 893 648 y
921 607 1028 648 muy
1057 593 1221 645 buena,
1248 609 1277 648 y
1310 597 1541 649 pare'ceme
1570 594 1672 638 bien

49 673 92 715 10
113 685 198 727 que
219 670 392 715 escriue
414 671 485 713 del
507 671 662 712 llamar
678 671 744 712 los
763 677 960 713 rectores
983 676 1090 721 etc.,
1115 684 1144 724 y
1168 670 1253 712 alla
1276 671 1414 725 podra
1433 685 1513 714 uer
1536 672 1675 716 desde

52 762 176 792 cerca
193 747 229 789 51
251 747 511 790 conuendra
529 746 700 790 embiar
717 747 758 788 al
781 748 891 789 Μ.ῐο
921 745 1138 798 Victoria,
1159 749 1185 788 ὁ
1208 760 1282 789 no.

796 910 916 950 241·ae

522 1011 568 1047 P.
602 1011 840 1057 JOANNES
866 1012 936 1046 DE
962 1011 1213 1049 POLANCO

687 1106 735 1129 ex
761 1094 1035 1129 commissione

442 1179 625 1221 PATRI
660 1179 1033 1221 HIERONYMO
1066 1179 1282 1221 NADAL

515 1281 727 1316 TRIDENTI,
751 1280 793 1306 10
818 1279 1053 1306 DECEMBffls
1075 1272 1163 1315 1562
1189 1274 1211 1306 ¹.

98 1365 132 1391 Ι.
167 1356 306 1390 Votum
328 1356 467 1390 Patris
485 1355 629 1390 Lainez
644 1355 686 1389 in
701 1355 970 1389 concilio—2.
999 1353 1223 1389 Catlzarrus
1238 1354 1387 1389 Romae
1397 1357 1628 1401 grassatur.

145 1451 180 1481 Ι.
246 1439 356 1493 Muy
384 1439 496 1480 Rdo.
533 1437 578 1480 in
607 1438 692 1480 X.⁰
726 1438 883 1480 Padre.
913 1440 1006 1480 Pax
1029 1437 1106 1480 X.i
1134 1438 1357 1480 Hauendo
1380 1436 1534 1479 scritto
1557 1451 1679 1479 mar—

55 1515 142 1558 tedi
163 1516 195 1567 ²,
220 1521 265 1558 et
288 1514 587 1570 rispondendo
616 1523 772 1557 nostro
803 1515 948 1557 Padre
976 1514 1017 1557 al
1047 1521 1187 1570 punto
1217 1515 1330 1558 della
1357 1513 1489 1556 uisita
1521 1515 1552 1566 ⁵,
1581 1513 1677 1555 solo

55 1607 123 1634 me
144 1599 261 1636 resta
282 1607 308 1635 3
329 1591 423 1634 dire
446 1606 533 1646 que
561 1607 618 1646 ya
648 1591 751 1634 tutti
780 1591 809 1633 li
832 1591 989 1647 prelati
1018 1593 1168 1634 hanno
1196 1590 1322 1633 finito
1346 1592 1400 1633 de
1424 1589 1491 1632 dir
1519 1589 1548 1631 li
1572 1589 1670 1632 suoi

55 1667 194 1723 pareri
216 1668 334 1711 circa
356 1667 547 1710 l’ordine
569 1683 711 1720 sacrO,
738 1675 783 1712 et
804 1667 915 1711 hieri
938 1669 1054 1724 dopo
1082 1668 1261 1712 desinar
1286 1668 1331 1710 fu
1364 1669 1467 1709 data
1498 1667 1538 1708 13
1568 1680 1678 1708 conr-

55 1745 318 1801 gregatione
342 1752 457 1788 tutta
479 1760 505 1788 a
527 1753 680 1788 nostro
704 1746 849 1789 Padre
872 1746 1098 1801 generale:
1125 1753 1169 1788 et
1193 1726 1453 1787 trouandosi
1476 1743 1504 1785 li
1528 1742 1677 1786 cardi-

54 1821 140 1863 nali
161 1828 204 1865 et
230 1821 591 1876 frequentissimo
614 1821 834 1864 auditorio
858 1822 872 1841 4
896 1822 952 1864 (10
975 1821 1149 1877 prelati,
1170 1821 1288 1865 disse
1311 1821 1341 1862 il
1358 1836 1440 1863 suo
1468 1827 1572 1863 uoto
1590 1834 1676 1862 con

55 1897 310 1941 admirabile
338 1898 650 1943 satisfattione:
682 1906 742 1951 et,
775 1899 970 1942 secondo
999 1899 1264 1942 refereuano
1296 1897 1460 1950 alcuni,
1497 1906 1542 1941 et
1572 1912 1675 1952 spe-

55 1974 287 2019 cialmente
320 1974 350 2017 11
381 1975 578 2018 cardinal
611 1975 877 2027 varmiense,
903 1975 1109 2031 quamuis
1141 1975 1249 2018 alias
1271 1990 1448 2030 semper
1477 1974 1677 2030 preclare

55 2050 177 2103 dixit,
203 2066 433 2106 nunquam
459 2058 548 2094 tam
571 2052 757 2108 egregie
845 2051 996 2108 uoglia
1026 2052 1056 2094 il
1084 2051 1240 2108 signor
1268 2051 1392 2094 Iddio
1422 2053 1505 2094 che
1537 2065 1615 2107 per
1645 2049 1674 2090 il

130 2219 137 2238 ¹
187 2217 245 2251 Ex
264 2217 450 2263 Regesto,
474 2216 566 2252 Cod.
590 2227 632 2263 33
651 2218 704 2264 c),
723 2218 789 2253 fol.
810 2227 868 2263 95.
889 2219 933 2252 In
959 2217 1144 2263 margine:
1166 2218 1366 2264 Augusta,
1387 2217 1429 2250 al
1447 2215 1581 2250 Padre
1603 2214 1677 2248 Ca-

53 2275 170 2310 nisio.
200 2275 384 2311 Mendose
409 2281 538 2311 autem
569 2277 753 2323 scriptum
778 2277 852 2312 fuit
877 2277 930 2312 ibi
956 2288 1096 2311 nomen
1121 2276 1246 2311 Patris
1272 2275 1417 2311 Canisii
1442 2286 1509 2320 pro
1536 2273 1674 2318 NadaI,

53 2333 112 2368 cui
130 2334 197 2369 abs
215 2335 332 2370 dubio
351 2336 446 2370 haec
465 2335 629 2381 epistola
647 2336 736 2371 data
755 2336 842 2381 fuit,
863 2341 904 2371 ut
923 2348 971 2371 ex
995 2336 1098 2372 illius
1123 2335 1311 2382 principio
1331 2340 1370 2369 et
1394 2334 1469 2368 fine
1495 2337 1616 2379 patet,
1636 2338 1675 2367 et

53 2403 100 2426 ex
118 2404 163 2427 eo
185 2393 287 2440 quod
305 2393 484 2430 Canisius
509 2399 600 2429 tunc
625 2395 827 2440 Augustae
854 2394 1011 2430 minime
1038 2396 1277 2430 versabatur.
1306 2393 1404 2427 Vide
1430 2393 1589 2438 insuper
1616 2403 1674 2426 se—

51 2457 210 2497 quentes
228 2453 509 2495 annotationes,
543 2463 563 2488 2
594 2459 633 2488 et
657 2453 690 2489 3.
718 2455 872 2489 Partem
897 2455 1010 2500 hujus
1038 2454 1225 2500 epistolae
1253 2453 1374 2488 edidit
1399 2453 1673 2487 BRAUNSBER-

52 2518 146 2555 GER,
165 2511 242 2547 loe.
264 2512 346 2557 cit.,
366 2513 436 2557 ΙΙΙ,
456 2512 538 2556 565.

117 2572 131 2590 2
180 2571 330 2616 Reapse
348 2571 410 2606 die
429 2571 603 2617 proxima
621 2572 770 2617 martis,
789 2584 887 2619 quae
906 2585 1006 2608 anno
1024 2572 1113 2617 1562
1129 2572 1201 2607 fuit
1217 2571 1237 2606 8
1256 2569 1500 2614 Decembris,
1517 2569 1675 2615 scripsit

53 2627 238 2664 Polancus
256 2629 303 2664 ad
321 2630 499 2665 Natalem
518 2630 718 2676 epistolam
737 2633 823 2667 sub.
844 2644 881 2666 n.
903 2631 971 2676 239
989 2632 1166 2678 positam.

121 2687 136 2708 ³
184 2688 297 2723 Pater
314 2689 463 2724 scilicet
488 2689 630 2724 Lainez
655 2691 805 2737 propria
830 2703 945 2726 manu
969 2691 1261 2737 responsionem
1286 2688 1415 2724 Natali
1439 2686 1672 2723 transferen-

52 2744 193 2781 damin
210 2752 364 2792 regesto
385 2748 571 2791 exaravit,
593 2754 634 2783 ut
653 2749 821 2785 diximus
842 2761 967 2796 supra,
991 2749 1109 2795 epist.
1135 2757 1199 2793 241
1227 2748 1275 2783 ad
1293 2749 1453 2782 calcem.

121 2806 136 2827 ⁴
183 2806 308 2853 Prius,
327 2808 575 2849 l'auditorio,
594 2808 695 2855 quod
714 2809 936 2844 emendavit
951 2808 1146 2843 librarius.

120 2863 135 2885 ⁵
181 2865 424 2901 Contrarium
443 2878 598 2913 prorsus
617 2868 771 2914 scripsit
790 2868 848 2904 LE
866 2869 993 2911 PLAT,
1013 2867 1366 2902 llffonumentornm
1385 2866 1438 2900 ad
1461 2864 1672 2900 historiam

51 2924 206 2959 concilii
229 2925 441 2960 tridentini
459 2927 713 2972 potissimum
733 2927 1022 2961 illustrandam
1047 2925 1300 2972 amplissima
1323 2924 1510 2965 collectio,
1531 2928 1558 2957 t.
1585 2921 1674 2966 VII,

51 2986 158 3025 parte
177 2983 243 3028 2.'¹‚
262 2995 355 3030 pag.
384 2992 444 3029 97,
469 2983 535 3019 ubi
561 2984 599 3019 in
623 2985 853 3031 compendio
876 2985 987 3020 diarii
1011 2983 1246 3030 psalmaeani
1272 2995 1320 3018 ex
1344 2982 1447 3017 card.
1473 2980 1673 3017 Ludovico
