1958 3210
693 196 714 230 9
742 186 932 221 AUGUSTI
963 185 1053 231 1563
1623 187 1692 233 353

143 290 214 330 De
235 288 432 342 epistolis
455 288 640 330 Natalis
665 298 718 329 Io
742 291 781 328 et
807 298 860 329 ΙΙ
884 288 1089 343 Augusti
1111 289 1171 330 ad
1189 289 1410 331 Laim'um
1428 288 1548 331 datis
1564 303 1691 331 men-

54 366 117 408 tio
129 364 189 420 fit
210 365 260 406 iri
283 364 447 406 litteris
470 364 662 406 Polanct
683 364 777 406 sub.
807 378 853 405 n.
882 374 965 417 305
982 365 1160 419 positis,
1184 380 1224 407 n.
1256 376 1294 418 3,
1323 366 1399 406 ubi
1427 365 1534 407 llaec
1561 370 1689 421 repe-

53 442 261 484 riuntur:
287 440 444 482 «Hora
466 440 737 495 respondere
758 440 786 480 ά
809 440 877 481 las
899 440 951 481 de
984 442 1031 482 V.
1059 442 1117 482 R.
1144 442 1197 484 de
1219 457 1250 483 x
1268 456 1297 497 y
1323 441 1376 497 xj
1404 442 1473 483 del
1495 446 1689 497 presen-

58 521 179 560 te...»
222 518 278 559 In
317 518 374 559 iis
411 520 559 558 autem
589 516 935 573 attingebantztr
962 518 1195 574 professio
1230 519 1392 560 Patris
1426 518 1617 575 Maggii
1649 522 1690 561 et

60 594 270 648 fundatio
308 594 484 650 collegii
522 593 772 650 dilingam;
794 593 1069 648 proponebat
1098 595 1283 636 Natalis
1307 596 1521 651 generali
1548 599 1597 636 ut
1628 595 1688 637 ad

11 658 17 661 s
57 671 332 725 Hispaniam
355 670 570 713 scriberet
585 673 742 725 petens
771 671 1003 725 operarios
1031 670 1265 713 Societatis
1285 676 1374 726 pro
1409 672 1686 715 Germaniae

46 748 312 803 provinciis·
336 747 388 788 de
411 747 480 789 lue
496 733 738 804 pestifera,
757 747 809 788 de
837 747 1013 789 Godino
1035 750 1112 789 etc.
1140 747 1383 804 referebat.

805 912 932 952 30⁰

516 1002 562 1037 Ρ.
597 1001 835 1048 JOANNES
863 1003 932 1037 DE
958 1001 1210 1039 POLANCO

691 1097 738 1120 ex
766 1085 1039 1120 commissione

314 1170 557 1212 PATRI
606 1170 1099 1213 HIERONYMO
1148 1170 1425 1213 NADAL

553 1272 772 1309 TRIDENTl,
792 1274 813 1308 9
832 1271 1015 1300 AUGUSTI
1036 1263 1126 1308 1563
1144 1263 1175 1299 ¹.

50 1355 83 1380 Ι.
112 1345 226 1381 Varii
243 1347 339 1381 socii
360 1345 527 1381 Colonia
545 1347 599 1380 ad
617 1347 829 1381 Austriam
848 1347 1138 1382 mittendi.—2.
1158 1347 1377 1382 Academia
1401 1347 1683 1383 conimbricen-

118 1405 233 1440 sis.—
238 1415 270 1450 3.
307 1406 486 1441 Lectores
518 1406 648 1440 variis
677 1405 857 1452 collegiis
882 1407 1152 1452 procurandi:
1187 1405 1349 1440 Natalis
1376 1406 1420 1440 in
1454 1406 1682 1441 Bavariam

117 1465 352 1510 quantocius
364 1467 526 1512 pergat,
549 1464 614 1500 ubi
632 1465 853 1499 Manareus
870 1465 990 1499 illum
1009 1465 1329 1512 expectabit.—4.
1347 1465 1487 1500 Pauca
1501 1466 1547 1500 de
1566 1464 1683 1500 disci·

110 1523 231 1569 plina
248 1524 476 1565 domestica,
491 1526 568 1570 pro
592 1524 758 1571 collegio
777 1524 1156 1568 vallisoletana—5.
1176 1524 1341 1558 Dotatio
1367 1524 1526 1570 collegii
1549 1535 1683 1558 roma-

115 1583 260 1618 ni.-6.
284 1583 342 1618 De
359 1584 460 1618 votis
477 1583 964 1630 simplicibus-Societatis:
983 1584 1212 1619 tabelliones
1232 1583 1420 1618 Societatz'
1429 1582 1681 1629 faventes,—

118 1650 152 1686 7.
172 1642 233 1677 De
253 1643 301 1677 P.
325 1641 585 1678 Godino.—8.
607 1643 694 1677 ΡΡ.
724 1643 899 1678 Victoria
917 1645 953 1678 et
979 1642 1169 1678 Lartoius:
1194 1643 1370 1677 doctOres
1394 1643 1681 1689 ingolstadien-

117 1712 174 1736 ses
197 1713 252 1736 an
276 1702 465 1736 mutandi
487 1702 704 1737 videantur
728 1702 855 1737 invito
884 1703 981 1738 duce
1012 1703 1326 1746 Bavariae.—9.
1352 1702 1412 1736 De
1436 1700 1680 1748 confessario

109 1760 298 1806 filiorum
316 1761 613 1797 Maximiliani:
630 1762 677 1796 de
693 1760 985 1808 reformatione
998 1761 1215 1808 pontificis.
1233 1782 1255 1786 -
1268 1770 1326 1796 [ο.
1348 1761 1407 1796 De
1425 1761 1540 1796 rebus
1554 1761 1679 1797 conci-

118 1819 182 1855 lii:
200 1822 335 1855 votum
356 1819 494 1855 Lainii
511 1821 557 1855 de
575 1820 851 1855 matrimonio.

140 1915 177 1946 Ι.
245 1905 340 1946 Pax
362 1903 467 1959 Xpi.
494 1902 681 1947 Reciuic')
704 1904 760 1946 N.
786 1892 841 1946 'P.
868 1904 910 1946 la
932 1903 987 1946 de
1010 1904 1067 1947 V.
1094 1905 1148 1947 R.
1170 1904 1227 1946 de
1252 1917 1306 1958 30
1329 1904 1401 1946 del
1429 1902 1619 1958 passado
1647 1917 1677 1958 y

46 1979 239 2036 primero
257 1980 329 2024 del
346 1986 556 2035 presente
572 1981 586 2000 ²
613 1994 698 2023 con
725 1995 812 2038 una
829 1980 902 2023 del
917 1983 967 2023 P.
995 1981 1151 2036 Lanoy
1173 1981 1214 2037 (a
1237 1980 1371 2036 quien
1389 1994 1447 2022 no
1465 1994 1515 2023 se
1536 1979 1676 2036 podra

44 2070 101 2111 oy
122 2057 380 2112 responder)
403 2072 432 2112 y
453 2063 551 2099 otra
572 2056 643 2100 del
664 2058 716 2100 P.
738 2056 939 2099 Antonio
957 2056 1078 2100 Vink
1102 2058 1134 2109 ³,
1154 2071 1243 2113 que
1261 2060 1364 2112 aqui
1389 2049 1518 2099 torno
1536 2061 1561 2099 a
1579 2071 1674 2099 em·

42 2132 154 2186 biar,
179 2148 209 2189 y
231 2134 272 2178 el
294 2133 556 2190 predieador
578 2148 667 2189 que
687 2134 861 2186 dessea,
888 2147 1019 2189 spero
1041 2148 1090 2178 se
1111 2134 1153 2177 le
1175 2133 1373 2178 embiara
1401 2134 1457 2176 de
1487 2132 1675 2176 Colonia

44 2210 86 2253 el
109 2211 162 2252 P.
189 2210 392 2254 Verardo
415 2210 447 2262 ¹²,
474 2224 561 2265 que
583 2225 631 2254 es
654 2224 716 2252 un
739 2211 899 2253 doctor
916 2224 1004 2265 que
1023 2210 1098 2254 fue
1115 2212 1232 2255 dean
1254 2210 1614 2266 nouiomagense
1639 2211 1671 2263 ⁵,

44 2285 164 2329 buen
185 2293 380 2343 sugetto.
406 2288 592 2342 Quanto
616 2288 658 2330 al
681 2286 836 2329 artista
857 2302 886 2343 y
908 2288 974 2330 los
992 2288 1144 2330 demas
1167 2301 1298 2330 uerse
1321 2289 1378 2330 ha
1407 2288 1450 2329 10
1479 2300 1568 2342 que
1590 2301 1673 2342 po-

42 2362 152 2405 dran
173 2364 309 2406 hazer
330 2364 396 2406 los
418 2363 475 2407 de
496 2363 699 2415 Colonia,
725 2378 753 2419 y
776 2363 973 2407 tambien
995 2364 1176 2419 quando
1199 2365 1256 2408 V.
1289 2365 1342 2407 R.
1372 2378 1455 2407 uea
1477 2364 1520 2407 la
1548 2378 1672 2407 masa

44 2439 100 2483 de
120 2446 258 2495 gente
280 2454 368 2495 que
391 2454 438 2483 se
460 2440 525 2484 les
547 2440 729 2484 enbiara
751 2455 858 2495 para
880 2441 1150 2497 Alemagna,
1175 2445 1304 2497 potra
1320 2441 1484 2496 juzgar
1517 2440 1560 2482 10
1584 2454 1672 2495 que

43 2530 91 2560 se
113 2516 178 2560 les
200 2517 338 2572 podra
360 2517 455 2569 dar,
483 2531 570 2572 que
592 2517 648 2560 de
672 2518 813 2560 Roma
835 2516 1065 2560 embiaran
1093 2517 1136 2560 lo
1167 2532 1256 2572 que
1288 2517 1519 2574 pudieren.
1549 2518 1670 2573 Aqui

112 2695 121 2714 ¹
172 2693 230 2727 Ex
249 2694 435 2739 Regesto,
459 2693 553 2730 Cod.
576 2704 619 2740 33
638 2695 695 2739 d),
717 2694 756 2729 ff.
782 2703 861 2740 155,
885 2694 963 2739 156.
984 2695 1029 2730 In
1054 2693 1240 2740 margine:
1269 2695 1319 2729 P.
1345 2694 1483 2729 Natal.
1511 2695 1571 2729 De
1597 2695 1670 2730 hac

35 2751 200 2797 epistola
219 2752 336 2788 etiam
355 2753 532 2799 intellige
550 2753 654 2789 dicta
672 2754 711 2789 in
730 2753 993 2800 superioribus
1013 2753 1081 2799 296
1100 2759 1143 2798 et,
1157 2753 1240 2800 298,
1259 2753 1308 2788 de
1323 2753 1480 2789 librario
1494 2753 1669 2789 Polanci.

112 2813 126 2832 ²
176 2811 237 2846 De
255 2811 315 2846 his
335 2811 426 2848 vide
445 2812 559 2858 epist.
581 2820 663 2857 297.

111 2870 125 2890 ⁵
174 2870 318 2905 Rector
338 2871 494 2917 collegii
513 2871 755 2906 trevirensis.

114 2931 126 2949 >¹⁶
177 2929 394 2965 Everardus
413 2930 691 2976 Mereurianus,
710 2931 958 2976 provincialis
977 2930 1210 2967 Germaniae
1230 2929 1437 2966 inferioris.

114 2989 130 3008 ⁵
180 2989 350 3033 Joannes
368 2989 536 3034 Jacobus
555 2989 693 3025 Asten.
713 2989 812 3025 Vide
831 2989 945 3036 epist.
965 2988 1048 3034 321,
1068 3001 1105 3025 n.
1125 2999 1160 3034 4.
