<?xml version="1.0" encoding="UTF-8"?>
<!DOCTYPE html PUBLIC "-//W3C//DTD XHTML 1.0 Transitional//EN"
    "http://www.w3.org/TR/xhtml1/DTD/xhtml1-transitional.dtd">
<html xmlns="http://www.w3.org/1999/xhtml" xml:lang="en" lang="en">
 <head>
  <title>
</title>
<meta http-equiv="Content-Type" content="text/html;charset=utf-8" />
  <meta name='ocr-system' content='tesseract 3.04.00' />
  <meta name='ocr-capabilities' content='ocr_page ocr_carea ocr_par ocr_line ocrx_word'/>
</head>
<body>
  <div class='ocr_page' id='page_1' title='image "./epistolaephieron09nada_0116.png"; bbox 0 0 1958 3210; ppageno 0'>
   <div class='ocr_carea' id='block_1_1' title="bbox 223 184 1290 227">
    <p class='ocr_par' dir='ltr' id='par_1_1' title="bbox 223 184 1290 227">
     <span class='ocr_line' id='line_1_1' title="bbox 223 184 1290 227; baseline 0.006 -11"><span class='ocrx_word' id='word_1_1' title='bbox 223 192 272 227; x_wconf 89' lang='lat'>90</span> <span class='ocrx_word' id='word_1_2' title='bbox 789 185 831 219; x_wconf 90' lang='lat' dir='ltr'>P.</span> <span class='ocrx_word' id='word_1_3' title='bbox 861 184 1046 220; x_wconf 77' lang='lat' dir='ltr'>NATAms</span> <span class='ocrx_word' id='word_1_4' title='bbox 1073 186 1290 222; x_wconf 80' lang='lat' dir='ltr'><strong>EPHEMER.</strong></span> 
     </span>
    </p>
   </div>
   <div class='ocr_carea' id='block_1_2' title="bbox 319 326 1174 373">
    <p class='ocr_par' dir='ltr' id='par_1_2' title="bbox 319 326 1174 373">
     <span class='ocr_line' id='line_1_2' title="bbox 319 326 1174 373; baseline 0.007 -6"><span class='ocrx_word' id='word_1_5' title='bbox 319 326 427 368; x_wconf 71' lang='lat'>¹82</span> <span class='ocrx_word' id='word_1_6' title='bbox 909 342 1174 373; x_wconf 87' lang='lat' dir='ltr'>METYMNAE</span> 
     </span>
    </p>
   </div>
   <div class='ocr_carea' id='block_1_3' title="bbox 213 436 1852 1654">
    <p class='ocr_par' dir='ltr' id='par_1_3' title="bbox 220 436 1852 1106">
     <span class='ocr_line' id='line_1_3' title="bbox 314 436 1851 504; baseline 0.008 -25"><span class='ocrx_word' id='word_1_7' title='bbox 314 436 476 492; x_wconf 89' lang='lat' dir='ltr'>Reperi</span> <span class='ocrx_word' id='word_1_8' title='bbox 513 436 663 493; x_wconf 78' lang='lat' dir='ltr'>egisse</span> <span class='ocrx_word' id='word_1_9' title='bbox 692 452 796 480; x_wconf 90' lang='lat' dir='ltr'>cum</span> <span class='ocrx_word' id='word_1_10' title='bbox 827 438 1142 484; x_wconf 80' lang='lat' dir='ltr'>fundatoribus</span> <span class='ocrx_word' id='word_1_11' title='bbox 1171 443 1406 497; x_wconf 77' lang='lat' dir='ltr'>Quadrato</span> <span class='ocrx_word' id='word_1_12' title='bbox 1435 453 1481 489; x_wconf 92' lang='lat' dir='ltr'>et</span> <span class='ocrx_word' id='word_1_13' title='bbox 1511 461 1652 490; x_wconf 87' lang='lat' dir='ltr'>uxore</span> <span class='ocrx_word' id='word_1_14' title='bbox 1680 449 1851 504; x_wconf 79' lang='lat' dir='ltr'>absque</span> 
     </span>
     <span class='ocr_line' id='line_1_4' title="bbox 221 513 1851 579; baseline 0.007 -23"><span class='ocrx_word' id='word_1_15' title='bbox 221 514 295 558; x_wconf 89' lang='lat' dir='ltr'>vel</span> <span class='ocrx_word' id='word_1_16' title='bbox 317 513 542 570; x_wconf 86' lang='lat' dir='ltr'>generalis</span> <span class='ocrx_word' id='word_1_17' title='bbox 564 515 810 570; x_wconf 81' lang='lat' dir='ltr'>praepositi</span> <span class='ocrx_word' id='word_1_18' title='bbox 837 516 911 558; x_wconf 85' lang='lat' dir='ltr'>vel</span> <span class='ocrx_word' id='word_1_19' title='bbox 938 517 1228 572; x_wconf 91' lang='lat' dir='ltr'>prouincialis</span> <span class='ocrx_word' id='word_1_20' title='bbox 1257 521 1486 575; x_wconf 79' lang='lat' dir='ltr'>facultate,</span> <span class='ocrx_word' id='word_1_21' title='bbox 1513 538 1629 579; x_wconf 85' lang='lat' dir='ltr'>quae</span> <span class='ocrx_word' id='word_1_22' title='bbox 1656 524 1851 568; x_wconf 81' lang='lat' dir='ltr'>libertati</span> 
     </span>
     <span class='ocr_line' id='line_1_5' title="bbox 222 589 1849 651; baseline 0.007 -16"><span class='ocrx_word' id='word_1_23' title='bbox 222 589 465 635; x_wconf 86' lang='lat' dir='ltr'>Societatis</span> <span class='ocrx_word' id='word_1_24' title='bbox 505 591 515 611; x_wconf 92' lang='lat'>¹</span> <span class='ocrx_word' id='word_1_25' title='bbox 556 605 648 633; x_wconf 93' lang='lat' dir='ltr'>non</span> <span class='ocrx_word' id='word_1_26' title='bbox 685 598 814 634; x_wconf 88' lang='lat' dir='ltr'>erant</span> <span class='ocrx_word' id='word_1_27' title='bbox 851 600 1179 648; x_wconf 88' lang='lat' dir='ltr'>consentanea,</span> <span class='ocrx_word' id='word_1_28' title='bbox 1224 610 1340 651; x_wconf 90' lang='lat' dir='ltr'>quae</span> <span class='ocrx_word' id='word_1_29' title='bbox 1377 598 1462 641; x_wconf 88' lang='lat' dir='ltr'>fuit</span> <span class='ocrx_word' id='word_1_30' title='bbox 1493 599 1657 645; x_wconf 91' lang='lat' dir='ltr'>dificile</span> <span class='ocrx_word' id='word_1_31' title='bbox 1695 617 1849 645; x_wconf 90' lang='lat' dir='ltr'>emen-</span> 
     </span>
     <span class='ocr_line' id='line_1_6' title="bbox 221 667 1849 725; baseline 0.007 -15"><span class='ocrx_word' id='word_1_32' title='bbox 221 669 344 711; x_wconf 89' lang='lat' dir='ltr'>dare:</span> <span class='ocrx_word' id='word_1_33' title='bbox 372 674 417 711; x_wconf 90' lang='lat' dir='ltr'>et</span> <span class='ocrx_word' id='word_1_34' title='bbox 439 674 507 710; x_wconf 91' lang='lat' dir='ltr'>est</span> <span class='ocrx_word' id='word_1_35' title='bbox 530 667 710 722; x_wconf 89' lang='lat' dir='ltr'>quidem</span> <span class='ocrx_word' id='word_1_36' title='bbox 733 668 850 711; x_wconf 91' lang='lat' dir='ltr'>serio</span> <span class='ocrx_word' id='word_1_37' title='bbox 873 670 1271 725; x_wconf 89' lang='lat' dir='ltr'>praescribendum</span> <span class='ocrx_word' id='word_1_38' title='bbox 1289 689 1345 718; x_wconf 92' lang='lat' dir='ltr'>ne</span> <span class='ocrx_word' id='word_1_39' title='bbox 1377 676 1391 695; x_wconf 74' lang='lat'><strong>²</strong></span> <span class='ocrx_word' id='word_1_40' title='bbox 1422 675 1466 718; x_wconf 90' lang='lat' dir='ltr'>id</span> <span class='ocrx_word' id='word_1_41' title='bbox 1483 678 1680 720; x_wconf 89' lang='lat' dir='ltr'>audeant</span> <span class='ocrx_word' id='word_1_42' title='bbox 1703 686 1849 722; x_wconf 91' lang='lat' dir='ltr'>recto-</span> 
     </span>
     <span class='ocr_line' id='line_1_7' title="bbox 222 744 1848 810; baseline 0.008 -23"><span class='ocrx_word' id='word_1_43' title='bbox 222 760 307 789; x_wconf 86' lang='lat' dir='ltr'>res.</span> <span class='ocrx_word' id='word_1_44' title='bbox 327 746 416 788; x_wconf 90' lang='lat' dir='ltr'>Res</span> <span class='ocrx_word' id='word_1_45' title='bbox 433 752 561 789; x_wconf 90' lang='lat' dir='ltr'>erant</span> <span class='ocrx_word' id='word_1_46' title='bbox 578 744 767 788; x_wconf 87' lang='lat' dir='ltr'>dificiles</span> <span class='ocrx_word' id='word_1_47' title='bbox 784 745 830 788; x_wconf 91' lang='lat' dir='ltr'>in</span> <span class='ocrx_word' id='word_1_48' title='bbox 847 748 935 789; x_wconf 94' lang='lat' dir='ltr'>hoc</span> <span class='ocrx_word' id='word_1_49' title='bbox 954 748 1162 805; x_wconf 85' lang='lat' dir='ltr'>collegio,</span> <span class='ocrx_word' id='word_1_50' title='bbox 1188 759 1371 807; x_wconf 91' lang='lat' dir='ltr'>propter</span> <span class='ocrx_word' id='word_1_51' title='bbox 1395 755 1633 809; x_wconf 87' lang='lat' dir='ltr'>quemdam</span> <span class='ocrx_word' id='word_1_52' title='bbox 1652 757 1848 810; x_wconf 88' lang='lat' dir='ltr'>Patrem,</span> 
     </span>
     <span class='ocr_line' id='line_1_8' title="bbox 220 821 1852 882; baseline 0.007 -17"><span class='ocrx_word' id='word_1_53' title='bbox 220 821 294 865; x_wconf 91' lang='lat' dir='ltr'>cui</span> <span class='ocrx_word' id='word_1_54' title='bbox 327 822 541 865; x_wconf 79' lang='lat' dir='ltr'>fauebant</span> <span class='ocrx_word' id='word_1_55' title='bbox 570 821 575 879; x_wconf 88' lang='grc' dir='ltr'>Ι</span> <span class='ocrx_word' id='word_1_56' title='bbox 604 821 791 865; x_wconf 88' lang='lat' dir='ltr'>nimium</span> <span class='ocrx_word' id='word_1_57' title='bbox 821 824 1104 879; x_wconf 83' lang='lat' dir='ltr'>fundatores,</span> <span class='ocrx_word' id='word_1_58' title='bbox 1137 829 1258 882; x_wconf 88' lang='lat' dir='ltr'>quod</span> <span class='ocrx_word' id='word_1_59' title='bbox 1298 829 1488 873; x_wconf 84' lang='lat' dir='ltr'>faciebat</span> <span class='ocrx_word' id='word_1_60' title='bbox 1520 846 1612 874; x_wconf 91' lang='lat' dir='ltr'>non</span> <span class='ocrx_word' id='word_1_61' title='bbox 1649 833 1852 878; x_wconf 89' lang='lat' dir='ltr'>obtinere</span> 
     </span>
     <span class='ocr_line' id='line_1_9' title="bbox 220 898 1851 961; baseline 0.008 -19"><span class='ocrx_word' id='word_1_62' title='bbox 220 913 349 942; x_wconf 91' lang='lat' dir='ltr'>suam</span> <span class='ocrx_word' id='word_1_63' title='bbox 371 898 641 955; x_wconf 77' lang='lat' dir='ltr'>dignitatem</span> <span class='ocrx_word' id='word_1_64' title='bbox 675 907 913 944; x_wconf 79' lang='lat' dir='ltr'>rectorem:</span> <span class='ocrx_word' id='word_1_65' title='bbox 946 917 1019 946; x_wconf 88' lang='lat' dir='ltr'>res</span> <span class='ocrx_word' id='word_1_66' title='bbox 1056 910 1125 947; x_wconf 89' lang='lat' dir='ltr'>est</span> <span class='ocrx_word' id='word_1_67' title='bbox 1163 911 1427 961; x_wconf 89' lang='lat' dir='ltr'>temperata.</span> <span class='ocrx_word' id='word_1_68' title='bbox 1463 909 1758 953; x_wconf 81' lang='lat' dir='ltr'>Interdictum</span> <span class='ocrx_word' id='word_1_69' title='bbox 1795 926 1851 955; x_wconf 92' lang='lat' dir='ltr'>ne</span> 
     </span>
     <span class='ocr_line' id='line_1_10' title="bbox 220 975 1852 1038; baseline 0.008 -20"><span class='ocrx_word' id='word_1_70' title='bbox 220 976 451 1019; x_wconf 87' lang='lat' dir='ltr'>fundatrix</span> <span class='ocrx_word' id='word_1_71' title='bbox 473 975 519 1018; x_wconf 91' lang='lat' dir='ltr'>in</span> <span class='ocrx_word' id='word_1_72' title='bbox 540 977 721 1019; x_wconf 89' lang='lat' dir='ltr'>hortum</span> <span class='ocrx_word' id='word_1_73' title='bbox 746 977 1036 1034; x_wconf 87' lang='lat' dir='ltr'>reciperetur,</span> <span class='ocrx_word' id='word_1_74' title='bbox 1063 994 1166 1023; x_wconf 90' lang='lat' dir='ltr'>cum</span> <span class='ocrx_word' id='word_1_75' title='bbox 1190 982 1287 1024; x_wconf 89' lang='lat' dir='ltr'>eius</span> <span class='ocrx_word' id='word_1_76' title='bbox 1305 984 1640 1038; x_wconf 88' lang='lat' dir='ltr'>beneuolentia,</span> <span class='ocrx_word' id='word_1_77' title='bbox 1662 994 1748 1030; x_wconf 82' lang='lat' dir='ltr'>ete.</span> <span class='ocrx_word' id='word_1_78' title='bbox 1771 988 1852 1031; x_wconf 92' lang='lat' dir='ltr'>Vi-</span> 
     </span>
     <span class='ocr_line' id='line_1_11' title="bbox 220 1052 485 1106; baseline -0.004 -10"><span class='ocrx_word' id='word_1_79' title='bbox 220 1052 371 1106; x_wconf 90' lang='lat' dir='ltr'>sitaui,</span> <span class='ocrx_word' id='word_1_80' title='bbox 398 1059 485 1097; x_wconf 89' lang='lat' dir='ltr'>etc.</span> 
     </span>
    </p>

    <p class='ocr_par' dir='ltr' id='par_1_4' title="bbox 213 1130 1850 1654">
     <span class='ocr_line' id='line_1_12' title="bbox 308 1130 1850 1197; baseline 0.008 -25"><span class='ocrx_word' id='word_1_81' title='bbox 308 1130 396 1173; x_wconf 92' lang='lat' dir='ltr'>Hic</span> <span class='ocrx_word' id='word_1_82' title='bbox 419 1130 572 1186; x_wconf 90' lang='lat' dir='ltr'>accepi</span> <span class='ocrx_word' id='word_1_83' title='bbox 595 1130 746 1174; x_wconf 80' lang='lat' dir='ltr'>literas</span> <span class='ocrx_word' id='word_1_84' title='bbox 768 1147 793 1174; x_wconf 90' lang='lat' dir='ltr'>a</span> <span class='ocrx_word' id='word_1_85' title='bbox 816 1133 1037 1177; x_wconf 89' lang='lat' dir='ltr'>Roderico</span> <span class='ocrx_word' id='word_1_86' title='bbox 1059 1141 1104 1177; x_wconf 91' lang='lat' dir='ltr'>et</span> <span class='ocrx_word' id='word_1_87' title='bbox 1126 1137 1337 1190; x_wconf 88' lang='lat' dir='ltr'>Araozio,</span> <span class='ocrx_word' id='word_1_88' title='bbox 1371 1138 1536 1194; x_wconf 92' lang='lat' dir='ltr'>quibus</span> <span class='ocrx_word' id='word_1_89' title='bbox 1559 1148 1850 1197; x_wconf 88' lang='lat' dir='ltr'>properanter</span> 
     </span>
     <span class='ocr_line' id='line_1_13' title="bbox 217 1207 1848 1271; baseline 0.008 -22"><span class='ocrx_word' id='word_1_90' title='bbox 217 1208 463 1250; x_wconf 88' lang='lat' dir='ltr'>reuocabar</span> <span class='ocrx_word' id='word_1_91' title='bbox 485 1222 510 1250; x_wconf 92' lang='lat' dir='ltr'>a</span> <span class='ocrx_word' id='word_1_92' title='bbox 531 1207 803 1251; x_wconf 88' lang='lat' dir='ltr'>visitatione:</span> <span class='ocrx_word' id='word_1_93' title='bbox 844 1217 1051 1254; x_wconf 88' lang='lat' dir='ltr'>senatum</span> <span class='ocrx_word' id='word_1_94' title='bbox 1089 1213 1266 1269; x_wconf 85' lang='lat' dir='ltr'>regium</span> <span class='ocrx_word' id='word_1_95' title='bbox 1290 1230 1427 1271; x_wconf 83' lang='lat' dir='ltr'>aegre</span> <span class='ocrx_word' id='word_1_96' title='bbox 1460 1217 1575 1260; x_wconf 88' lang='lat' dir='ltr'>ferre</span> <span class='ocrx_word' id='word_1_97' title='bbox 1597 1224 1646 1259; x_wconf 89' lang='lat' dir='ltr'>vt</span> <span class='ocrx_word' id='word_1_98' title='bbox 1679 1218 1848 1261; x_wconf 91' lang='lat' dir='ltr'>tamdiu</span> 
     </span>
     <span class='ocr_line' id='line_1_14' title="bbox 217 1284 1850 1351; baseline 0.008 -25"><span class='ocrx_word' id='word_1_99' title='bbox 217 1286 450 1328; x_wconf 89' lang='lat' dir='ltr'>haererem</span> <span class='ocrx_word' id='word_1_100' title='bbox 468 1284 515 1326; x_wconf 91' lang='lat' dir='ltr'>in</span> <span class='ocrx_word' id='word_1_101' title='bbox 539 1284 775 1341; x_wconf 86' lang='lat' dir='ltr'>Hispania,</span> <span class='ocrx_word' id='word_1_102' title='bbox 803 1301 936 1342; x_wconf 89' lang='lat' dir='ltr'>quem</span> <span class='ocrx_word' id='word_1_103' title='bbox 960 1290 1204 1333; x_wconf 90' lang='lat' dir='ltr'>credebant</span> <span class='ocrx_word' id='word_1_104' title='bbox 1226 1291 1312 1335; x_wconf 88' lang='lat' dir='ltr'>iam</span> <span class='ocrx_word' id='word_1_105' title='bbox 1336 1292 1515 1348; x_wconf 90' lang='lat' dir='ltr'>abijsse:</span> <span class='ocrx_word' id='word_1_106' title='bbox 1542 1309 1591 1339; x_wconf 89' lang='lat' dir='ltr'>se</span> <span class='ocrx_word' id='word_1_107' title='bbox 1608 1309 1701 1337; x_wconf 90' lang='lat' dir='ltr'>non</span> <span class='ocrx_word' id='word_1_108' title='bbox 1719 1310 1850 1351; x_wconf 90' lang='lat' dir='ltr'>posse</span> 
     </span>
     <span class='ocr_line' id='line_1_15' title="bbox 215 1359 1844 1424; baseline 0.009 -22"><span class='ocrx_word' id='word_1_109' title='bbox 215 1359 398 1417; x_wconf 82' lang='lat' dir='ltr'>longius</span> <span class='ocrx_word' id='word_1_110' title='bbox 421 1360 718 1405; x_wconf 88' lang='lat' dir='ltr'>intercedere:</span> <span class='ocrx_word' id='word_1_111' title='bbox 754 1364 913 1406; x_wconf 89' lang='lat' dir='ltr'>saltem</span> <span class='ocrx_word' id='word_1_112' title='bbox 950 1366 1156 1410; x_wconf 89' lang='lat' dir='ltr'>celeriter</span> <span class='ocrx_word' id='word_1_113' title='bbox 1193 1368 1600 1424; x_wconf 61' lang='lat' dir='ltr'>ComplulSsstum</span> <span class='ocrx_word' id='word_1_114' title='bbox 1639 1372 1844 1416; x_wconf 91' lang='lat' dir='ltr'>redirem.</span> 
     </span>
     <span class='ocr_line' id='line_1_16' title="bbox 214 1437 1849 1503; baseline 0.008 -23"><span class='ocrx_word' id='word_1_115' title='bbox 214 1437 337 1480; x_wconf 91' lang='lat' dir='ltr'>Nihil</span> <span class='ocrx_word' id='word_1_116' title='bbox 362 1437 445 1480; x_wconf 89' lang='lat' dir='ltr'>fuit</span> <span class='ocrx_word' id='word_1_117' title='bbox 467 1437 575 1481; x_wconf 90' lang='lat' dir='ltr'>mihi</span> <span class='ocrx_word' id='word_1_118' title='bbox 598 1454 784 1483; x_wconf 90' lang='lat' dir='ltr'>nouum:</span> <span class='ocrx_word' id='word_1_119' title='bbox 811 1441 949 1484; x_wconf 89' lang='lat' dir='ltr'>statui</span> <span class='ocrx_word' id='word_1_120' title='bbox 972 1443 1133 1497; x_wconf 88' lang='lat' dir='ltr'>redire,</span> <span class='ocrx_word' id='word_1_121' title='bbox 1159 1450 1216 1489; x_wconf 89' lang='lat' dir='ltr'>n&#39;e</span> <span class='ocrx_word' id='word_1_122' title='bbox 1234 1460 1311 1489; x_wconf 94' lang='lat' dir='ltr'>eos</span> <span class='ocrx_word' id='word_1_123' title='bbox 1329 1448 1620 1503; x_wconf 87' lang='lat' dir='ltr'>offenderem,</span> <span class='ocrx_word' id='word_1_124' title='bbox 1639 1457 1685 1492; x_wconf 91' lang='lat' dir='ltr'>et</span> <span class='ocrx_word' id='word_1_125' title='bbox 1701 1449 1849 1493; x_wconf 90' lang='lat' dir='ltr'>disce-</span> 
     </span>
     <span class='ocr_line' id='line_1_17' title="bbox 213 1515 1848 1578; baseline 0.009 -22"><span class='ocrx_word' id='word_1_126' title='bbox 213 1515 367 1557; x_wconf 91' lang='lat' dir='ltr'>derem</span> <span class='ocrx_word' id='word_1_127' title='bbox 396 1530 421 1558; x_wconf 92' lang='lat' dir='ltr'>a</span> <span class='ocrx_word' id='word_1_128' title='bbox 457 1516 779 1570; x_wconf 88' lang='lat' dir='ltr'>moderatione,</span> <span class='ocrx_word' id='word_1_129' title='bbox 813 1533 946 1573; x_wconf 90' lang='lat' dir='ltr'>quam</span> <span class='ocrx_word' id='word_1_130' title='bbox 978 1519 1102 1575; x_wconf 90' lang='lat' dir='ltr'>prius</span> <span class='ocrx_word' id='word_1_131' title='bbox 1130 1522 1258 1577; x_wconf 87' lang='lat' dir='ltr'>sequi</span> <span class='ocrx_word' id='word_1_132' title='bbox 1288 1523 1590 1578; x_wconf 88' lang='lat' dir='ltr'>institueram;</span> <span class='ocrx_word' id='word_1_133' title='bbox 1624 1533 1669 1568; x_wconf 88' lang='lat' dir='ltr'>et</span> <span class='ocrx_word' id='word_1_134' title='bbox 1698 1534 1848 1571; x_wconf 89' lang='lat' dir='ltr'>tamen</span> 
     </span>
     <span class='ocr_line' id='line_1_18' title="bbox 213 1591 1521 1654; baseline 0.008 -20"><span class='ocrx_word' id='word_1_135' title='bbox 213 1591 336 1634; x_wconf 86' lang='lat' dir='ltr'>volui</span> <span class='ocrx_word' id='word_1_136' title='bbox 359 1592 547 1634; x_wconf 91' lang='lat' dir='ltr'>biduum</span> <span class='ocrx_word' id='word_1_137' title='bbox 570 1594 676 1637; x_wconf 87' lang='lat' dir='ltr'>dare</span> <span class='ocrx_word' id='word_1_138' title='bbox 699 1594 945 1638; x_wconf 84' lang='lat' dir='ltr'>visitationi</span> <span class='ocrx_word' id='word_1_139' title='bbox 968 1598 1146 1654; x_wconf 85' lang='lat' dir='ltr'>collegij</span> <span class='ocrx_word' id='word_1_140' title='bbox 1171 1600 1467 1644; x_wconf 88' lang='lat' dir='ltr'>vallisoletani</span> <span class='ocrx_word' id='word_1_141' title='bbox 1491 1603 1521 1644; x_wconf 80' lang='lat'>⁵.</span> 
     </span>
    </p>
   </div>
   <div class='ocr_carea' id='block_1_4' title="bbox 306 1711 1188 1762">
    <p class='ocr_par' dir='ltr' id='par_1_5' title="bbox 306 1711 1188 1762">
     <span class='ocr_line' id='line_1_19' title="bbox 306 1711 1188 1762; baseline 0.01 -9"><span class='ocrx_word' id='word_1_142' title='bbox 306 1711 418 1754; x_wconf 75' lang='lat'>184</span> <span class='ocrx_word' id='word_1_143' title='bbox 873 1729 1188 1762; x_wconf 82' lang='lat' dir='ltr'>VALLISOLETI</span> 
     </span>
    </p>
   </div>
   <div class='ocr_carea' id='block_1_5' title="bbox 211 1823 1843 2046">
    <p class='ocr_par' dir='ltr' id='par_1_6' title="bbox 211 1823 1843 2046">
     <span class='ocr_line' id='line_1_20' title="bbox 303 1823 1842 1896; baseline 0.012 -31"><span class='ocrx_word' id='word_1_144' title='bbox 303 1823 449 1867; x_wconf 88' lang='lat' dir='ltr'>Biduo</span> <span class='ocrx_word' id='word_1_145' title='bbox 472 1825 545 1868; x_wconf 91' lang='lat' dir='ltr'>hic</span> <span class='ocrx_word' id='word_1_146' title='bbox 563 1826 737 1870; x_wconf 88' lang='lat' dir='ltr'>confeci</span> <span class='ocrx_word' id='word_1_147' title='bbox 754 1827 1074 1873; x_wconf 87' lang='lat' dir='ltr'>visitationem.</span> <span class='ocrx_word' id='word_1_148' title='bbox 1098 1832 1205 1875; x_wconf 85' lang='lat' dir='ltr'>Erat</span> <span class='ocrx_word' id='word_1_149' title='bbox 1222 1835 1385 1890; x_wconf 89' lang='lat' dir='ltr'>hospes</span> <span class='ocrx_word' id='word_1_150' title='bbox 1404 1838 1456 1879; x_wconf 89' lang='grc' dir='ltr'>Ρ.</span> <span class='ocrx_word' id='word_1_151' title='bbox 1478 1838 1713 1891; x_wconf 87' lang='lat' dir='ltr'>Gutierus,</span> <span class='ocrx_word' id='word_1_152' title='bbox 1735 1853 1842 1896; x_wconf 83' lang='lat' dir='ltr'>age—</span> 
     </span>
     <span class='ocr_line' id='line_1_21' title="bbox 211 1900 1843 1961; baseline 0.01 -19"><span class='ocrx_word' id='word_1_153' title='bbox 211 1901 289 1943; x_wconf 90' lang='lat' dir='ltr'>bat</span> <span class='ocrx_word' id='word_1_154' title='bbox 306 1900 425 1945; x_wconf 89' lang='lat' dir='ltr'>enim</span> <span class='ocrx_word' id='word_1_155' title='bbox 444 1916 625 1945; x_wconf 90' lang='lat' dir='ltr'>causam</span> <span class='ocrx_word' id='word_1_156' title='bbox 643 1903 713 1946; x_wconf 89' lang='lat' dir='ltr'>sui</span> <span class='ocrx_word' id='word_1_157' title='bbox 731 1904 908 1961; x_wconf 82' lang='lat' dir='ltr'>collegij</span> <span class='ocrx_word' id='word_1_158' title='bbox 927 1907 1184 1961; x_wconf 88' lang='lat' dir='ltr'>placentini:</span> <span class='ocrx_word' id='word_1_159' title='bbox 1206 1911 1560 1957; x_wconf 87' lang='lat' dir='ltr'>concionabatur</span> <span class='ocrx_word' id='word_1_160' title='bbox 1576 1921 1727 1960; x_wconf 88' lang='lat' dir='ltr'>tamen</span> <span class='ocrx_word' id='word_1_161' title='bbox 1740 1930 1843 1959; x_wconf 92' lang='lat' dir='ltr'>cum</span> 
     </span>
     <span class='ocr_line' id='line_1_22' title="bbox 214 1977 1840 2046; baseline 0.012 -28"><span class='ocrx_word' id='word_1_162' title='bbox 214 1977 367 2020; x_wconf 87' lang='lat' dir='ltr'>fructu</span> <span class='ocrx_word' id='word_1_163' title='bbox 385 1985 430 2022; x_wconf 89' lang='lat' dir='ltr'>et</span> <span class='ocrx_word' id='word_1_164' title='bbox 447 1979 593 2022; x_wconf 89' lang='lat' dir='ltr'>laude.</span> <span class='ocrx_word' id='word_1_165' title='bbox 617 1980 705 2022; x_wconf 92' lang='lat' dir='ltr'>Hic</span> <span class='ocrx_word' id='word_1_166' title='bbox 728 1981 865 2023; x_wconf 89' lang='lat' dir='ltr'>statui</span> <span class='ocrx_word' id='word_1_167' title='bbox 889 1985 1125 2037; x_wconf 87' lang='lat' dir='ltr'>quemdam</span> <span class='ocrx_word' id='word_1_168' title='bbox 1150 1987 1332 2031; x_wconf 89' lang='lat' dir='ltr'>Patrem</span> <span class='ocrx_word' id='word_1_169' title='bbox 1349 1991 1422 2034; x_wconf 88' lang='lat' dir='ltr'>vel</span> <span class='ocrx_word' id='word_1_170' title='bbox 1443 1991 1620 2037; x_wconf 88' lang='lat' dir='ltr'>mittere</span> <span class='ocrx_word' id='word_1_171' title='bbox 1638 1995 1840 2046; x_wconf 82' lang='lat' dir='ltr'>Romam,</span> 
     </span>
    </p>
   </div>
   <div class='ocr_carea' id='block_1_6' title="bbox 210 2055 1843 2176">
    <p class='ocr_par' dir='ltr' id='par_1_7' title="bbox 210 2055 1843 2176">
     <span class='ocr_line' id='line_1_23' title="bbox 210 2055 1843 2125; baseline 0.012 -29"><span class='ocrx_word' id='word_1_172' title='bbox 210 2055 284 2098; x_wconf 91' lang='lat' dir='ltr'>vel</span> <span class='ocrx_word' id='word_1_173' title='bbox 305 2070 332 2097; x_wconf 93' lang='lat' dir='ltr'>a</span> <span class='ocrx_word' id='word_1_174' title='bbox 356 2055 583 2099; x_wconf 87' lang='lat' dir='ltr'>Societate</span> <span class='ocrx_word' id='word_1_175' title='bbox 605 2056 846 2102; x_wconf 89' lang='lat' dir='ltr'>dimittere.</span> <span class='ocrx_word' id='word_1_176' title='bbox 869 2059 985 2104; x_wconf 88' lang='lat' dir='ltr'>Vide</span> <span class='ocrx_word' id='word_1_177' title='bbox 1002 2062 1196 2106; x_wconf 89' lang='lat' dir='ltr'>Suerum</span> <span class='ocrx_word' id='word_1_178' title='bbox 1215 2079 1240 2106; x_wconf 92' lang='lat' dir='ltr'>a</span> <span class='ocrx_word' id='word_1_179' title='bbox 1258 2067 1404 2123; x_wconf 87' lang='lat' dir='ltr'>Vega,</span> <span class='ocrx_word' id='word_1_180' title='bbox 1424 2075 1469 2112; x_wconf 86' lang='lat' dir='ltr'>et</span> <span class='ocrx_word' id='word_1_181' title='bbox 1486 2076 1641 2125; x_wconf 89' lang='lat' dir='ltr'>postea</span> <span class='ocrx_word' id='word_1_182' title='bbox 1659 2071 1843 2116; x_wconf 88' lang='lat' dir='ltr'>fratrem</span> 
     </span>
     <span class='ocr_line' id='line_1_24' title="bbox 215 2132 698 2176; baseline 0.006 -3"><span class='ocrx_word' id='word_1_183' title='bbox 215 2132 404 2174; x_wconf 90' lang='lat' dir='ltr'>Petrum</span> <span class='ocrx_word' id='word_1_184' title='bbox 428 2133 644 2176; x_wconf 86' lang='lat' dir='ltr'>Aluarem</span> <span class='ocrx_word' id='word_1_185' title='bbox 669 2134 698 2176; x_wconf 74' lang='lat'>⁴.</span> 
     </span>
    </p>
   </div>
   <div class='ocr_carea' id='block_1_7' title="bbox 298 2250 1270 2315">
    <p class='ocr_par' dir='ltr' id='par_1_8' title="bbox 298 2250 1270 2315">
     <span class='ocr_line' id='line_1_25' title="bbox 298 2250 1270 2315; baseline 0.01 -22"><span class='ocrx_word' id='word_1_186' title='bbox 298 2250 406 2293; x_wconf 78' lang='lat'>185</span> <span class='ocrx_word' id='word_1_187' title='bbox 914 2270 1174 2311; x_wconf 85' lang='lat' dir='ltr'>COMPLUTI,</span> <span class='ocrx_word' id='word_1_188' title='bbox 1210 2264 1270 2315; x_wconf 54' lang='lat' dir='ltr'>5st</span> 
     </span>
    </p>
   </div>
   <div class='ocr_carea' id='block_1_8' title="bbox 204 2362 1838 2797">
    <p class='ocr_par' dir='ltr' id='par_1_9' title="bbox 204 2362 1838 2740">
     <span class='ocr_line' id='line_1_26' title="bbox 295 2362 1837 2429; baseline 0.014 -25"><span class='ocrx_word' id='word_1_189' title='bbox 295 2362 384 2406; x_wconf 93' lang='lat' dir='ltr'>Hic</span> <span class='ocrx_word' id='word_1_190' title='bbox 407 2364 582 2407; x_wconf 86' lang='lat' dir='ltr'>accinxi</span> <span class='ocrx_word' id='word_1_191' title='bbox 604 2380 676 2409; x_wconf 89' lang='lat' dir='ltr'>me</span> <span class='ocrx_word' id='word_1_192' title='bbox 699 2366 755 2409; x_wconf 91' lang='lat' dir='ltr'>ad</span> <span class='ocrx_word' id='word_1_193' title='bbox 786 2367 884 2410; x_wconf 90' lang='lat' dir='ltr'>iter.</span> <span class='ocrx_word' id='word_1_194' title='bbox 917 2370 1156 2415; x_wconf 90' lang='lat' dir='ltr'>Declaraui</span> <span class='ocrx_word' id='word_1_195' title='bbox 1178 2375 1439 2429; x_wconf 89' lang='lat' dir='ltr'>prouinciae</span> <span class='ocrx_word' id='word_1_196' title='bbox 1468 2379 1692 2425; x_wconf 89' lang='lat' dir='ltr'>Castellae</span> <span class='ocrx_word' id='word_1_197' title='bbox 1721 2382 1837 2425; x_wconf 39' lang='lat' dir='ltr'>diui*</span> 
     </span>
     <span class='ocr_line' id='line_1_27' title="bbox 204 2438 1837 2506; baseline 0.014 -26"><span class='ocrx_word' id='word_1_198' title='bbox 204 2438 378 2483; x_wconf 90' lang='lat' dir='ltr'>sionem</span> <span class='ocrx_word' id='word_1_199' title='bbox 420 2439 465 2482; x_wconf 92' lang='lat' dir='ltr'>in</span> <span class='ocrx_word' id='word_1_200' title='bbox 509 2441 639 2498; x_wconf 84' lang='lat' dir='ltr'>regni</span> <span class='ocrx_word' id='word_1_201' title='bbox 683 2444 867 2487; x_wconf 88' lang='lat' dir='ltr'>toletani</span> <span class='ocrx_word' id='word_1_202' title='bbox 909 2453 954 2489; x_wconf 92' lang='lat' dir='ltr'>et</span> <span class='ocrx_word' id='word_1_203' title='bbox 996 2449 1161 2492; x_wconf 89' lang='lat' dir='ltr'>veteris</span> <span class='ocrx_word' id='word_1_204' title='bbox 1203 2451 1441 2506; x_wconf 89' lang='lat' dir='ltr'>Castellae,</span> <span class='ocrx_word' id='word_1_205' title='bbox 1482 2457 1837 2502; x_wconf 89' lang='lat' dir='ltr'>commissarium</span> 
     </span>
     <span class='ocr_line' id='line_1_28' title="bbox 208 2517 1838 2593; baseline 0.013 -35"><span class='ocrx_word' id='word_1_206' title='bbox 208 2518 256 2559; x_wconf 89' lang='lat' dir='ltr'>P.</span> <span class='ocrx_word' id='word_1_207' title='bbox 290 2517 553 2571; x_wconf 89' lang='lat' dir='ltr'>Araozium,</span> <span class='ocrx_word' id='word_1_208' title='bbox 593 2520 914 2574; x_wconf 87' lang='lat' dir='ltr'>prouincialem</span> <span class='ocrx_word' id='word_1_209' title='bbox 945 2525 1107 2568; x_wconf 88' lang='lat' dir='ltr'>veteris</span> <span class='ocrx_word' id='word_1_210' title='bbox 1137 2528 1360 2572; x_wconf 88' lang='lat' dir='ltr'>Castellae</span> <span class='ocrx_word' id='word_1_211' title='bbox 1385 2533 1436 2574; x_wconf 88' lang='lat' dir='ltr'>P.</span> <span class='ocrx_word' id='word_1_212' title='bbox 1465 2533 1676 2587; x_wconf 84' lang='lat' dir='ltr'>Suarem,</span> <span class='ocrx_word' id='word_1_213' title='bbox 1709 2537 1838 2593; x_wconf 81' lang='lat' dir='ltr'>regni</span> 
     </span>
     <span class='ocr_line' id='line_1_29' title="bbox 205 2592 1838 2657; baseline 0.014 -23"><span class='ocrx_word' id='word_1_214' title='bbox 205 2592 390 2636; x_wconf 88' lang='lat' dir='ltr'>toletani</span> <span class='ocrx_word' id='word_1_215' title='bbox 415 2595 467 2637; x_wconf 89' lang='lat' dir='ltr'>P.</span> <span class='ocrx_word' id='word_1_216' title='bbox 495 2596 878 2651; x_wconf 86' lang='lat' dir='ltr'>Valdarauanum‚</span> <span class='ocrx_word' id='word_1_217' title='bbox 906 2602 1082 2644; x_wconf 89' lang='lat' dir='ltr'>tametsi</span> <span class='ocrx_word' id='word_1_218' title='bbox 1105 2603 1162 2647; x_wconf 91' lang='lat' dir='ltr'>de</span> <span class='ocrx_word' id='word_1_219' title='bbox 1180 2605 1268 2648; x_wconf 90' lang='lat' dir='ltr'>hoc</span> <span class='ocrx_word' id='word_1_220' title='bbox 1291 2621 1382 2649; x_wconf 92' lang='lat' dir='ltr'>non</span> <span class='ocrx_word' id='word_1_221' title='bbox 1399 2609 1687 2655; x_wconf 90' lang='lat' dir='ltr'>mediocriter</span> <span class='ocrx_word' id='word_1_222' title='bbox 1704 2614 1838 2657; x_wconf 90' lang='lat' dir='ltr'>dubi-</span> 
     </span>
     <span class='ocr_line' id='line_1_30' title="bbox 204 2668 1559 2740; baseline 0.015 -30"><span class='ocrx_word' id='word_1_223' title='bbox 204 2668 315 2723; x_wconf 87' lang='lat' dir='ltr'>taui,</span> <span class='ocrx_word' id='word_1_224' title='bbox 335 2677 382 2712; x_wconf 90' lang='lat' dir='ltr'>et</span> <span class='ocrx_word' id='word_1_225' title='bbox 403 2671 702 2727; x_wconf 81' lang='lat' dir='ltr'>cogitauerim</span> <span class='ocrx_word' id='word_1_226' title='bbox 724 2674 995 2736; x_wconf 82' lang='lat' dir='ltr'>designa[re]</span> <span class='ocrx_word' id='word_1_227' title='bbox 1020 2679 1231 2734; x_wconf 83' lang='lat' dir='ltr'>Egidium</span> <span class='ocrx_word' id='word_1_228' title='bbox 1256 2684 1505 2740; x_wconf 70' lang='lat' dir='ltr'>Goncalem</span> <span class='ocrx_word' id='word_1_229' title='bbox 1530 2690 1559 2729; x_wconf 81' lang='lat'>⁵.</span> 
     </span>
    </p>

    <p class='ocr_par' dir='ltr' id='par_1_10' title="bbox 211 2733 625 2797">
     <span class='ocr_line' id='line_1_31' title="bbox 211 2733 625 2797; baseline 0.012 -12"><span class='ocrx_word' id='word_1_230' title='bbox 211 2733 228 2736; x_wconf 52' lang='lat'>—</span> <span class='ocrx_word' id='word_1_231' title='bbox 278 2754 286 2772; x_wconf 86' lang='lat'>¹</span> <span class='ocrx_word' id='word_1_232' title='bbox 341 2753 430 2797; x_wconf 89' lang='lat' dir='ltr'>Ms.‚</span> <span class='ocrx_word' id='word_1_233' title='bbox 448 2754 625 2790; x_wconf 85' lang='lat' dir='ltr'>Societis.</span> 
     </span>
    </p>
   </div>
   <div class='ocr_carea' id='block_1_9' title="bbox 272 2811 883 2859">
    <p class='ocr_par' dir='ltr' id='par_1_11' title="bbox 272 2811 883 2859">
     <span class='ocr_line' id='line_1_32' title="bbox 272 2811 883 2859; baseline 0.011 -14"><span class='ocrx_word' id='word_1_234' title='bbox 272 2813 285 2831; x_wconf 68' lang='lat'><strong>2</strong></span> <span class='ocrx_word' id='word_1_235' title='bbox 340 2811 430 2857; x_wconf 85' lang='lat' dir='ltr'>Ms.,</span> <span class='ocrx_word' id='word_1_236' title='bbox 446 2814 783 2859; x_wconf 77' lang='lat' dir='ltr'>praescribantur</span> <span class='ocrx_word' id='word_1_237' title='bbox 801 2829 883 2852; x_wconf 83' lang='lat' dir='ltr'>nec.</span> 
     </span>
    </p>
   </div>
   <div class='ocr_carea' id='block_1_10' title="bbox 268 2870 1685 3040">
    <p class='ocr_par' dir='ltr' id='par_1_12' title="bbox 268 2870 1685 3040">
     <span class='ocr_line' id='line_1_33' title="bbox 270 2870 1685 2928; baseline 0.017 -24"><span class='ocrx_word' id='word_1_238' title='bbox 270 2871 284 2889; x_wconf 83' lang='lat'><strong>³</strong></span> <span class='ocrx_word' id='word_1_239' title='bbox 336 2870 596 2918; x_wconf 83' lang='lat' dir='ltr'>SACCHINUS‚</span> <span class='ocrx_word' id='word_1_240' title='bbox 618 2875 694 2909; x_wconf 87' lang='lat' dir='ltr'>loc.</span> <span class='ocrx_word' id='word_1_241' title='bbox 715 2875 799 2922; x_wconf 89' lang='lat' dir='ltr'>cit.,</span> <span class='ocrx_word' id='word_1_242' title='bbox 820 2888 857 2911; x_wconf 91' lang='lat' dir='ltr'>n.</span> <span class='ocrx_word' id='word_1_243' title='bbox 877 2876 938 2921; x_wconf 84' lang='lat'>64.</span> <span class='ocrx_word' id='word_1_244' title='bbox 967 2879 1049 2914; x_wconf 91' lang='lat' dir='ltr'>Fol.</span> <span class='ocrx_word' id='word_1_245' title='bbox 1074 2880 1140 2915; x_wconf 86' lang='lat'>183</span> <span class='ocrx_word' id='word_1_246' title='bbox 1160 2894 1195 2916; x_wconf 83' lang='lat' dir='ltr'>v.</span> <span class='ocrx_word' id='word_1_247' title='bbox 1218 2895 1382 2921; x_wconf 85' lang='lat' dir='ltr'>vacuum</span> <span class='ocrx_word' id='word_1_248' title='bbox 1402 2889 1580 2925; x_wconf 89' lang='lat' dir='ltr'>relictum</span> <span class='ocrx_word' id='word_1_249' title='bbox 1599 2891 1685 2928; x_wconf 88' lang='lat' dir='ltr'>fuit.</span> 
     </span>
     <span class='ocr_line' id='line_1_34' title="bbox 271 2930 938 2978; baseline 0.013 -15"><span class='ocrx_word' id='word_1_250' title='bbox 271 2930 286 2949; x_wconf 75' lang='lat'>⁴</span> <span class='ocrx_word' id='word_1_251' title='bbox 337 2930 419 2965; x_wconf 93' lang='lat' dir='ltr'>Fol.</span> <span class='ocrx_word' id='word_1_252' title='bbox 445 2930 510 2975; x_wconf 84' lang='lat'>184</span> <span class='ocrx_word' id='word_1_253' title='bbox 530 2944 567 2967; x_wconf 95' lang='lat' dir='ltr'>v.</span> <span class='ocrx_word' id='word_1_254' title='bbox 585 2943 725 2978; x_wconf 88' lang='lat' dir='ltr'>purum</span> <span class='ocrx_word' id='word_1_255' title='bbox 744 2942 938 2972; x_wconf 88' lang='lat' dir='ltr'>remanet.</span> 
     </span>
     <span class='ocr_line' id='line_1_35' title="bbox 268 2987 933 3040; baseline 0.014 -18"><span class='ocrx_word' id='word_1_256' title='bbox 268 2987 284 3007; x_wconf 88' lang='lat'>⁵</span> <span class='ocrx_word' id='word_1_257' title='bbox 333 2987 591 3035; x_wconf 76' lang='lat' dir='ltr'>SAccmNUs,</span> <span class='ocrx_word' id='word_1_258' title='bbox 619 2992 692 3027; x_wconf 86' lang='lat' dir='ltr'>loc.</span> <span class='ocrx_word' id='word_1_259' title='bbox 714 2993 796 3040; x_wconf 84' lang='lat' dir='ltr'>cit.,</span> <span class='ocrx_word' id='word_1_260' title='bbox 817 3006 854 3030; x_wconf 89' lang='lat' dir='ltr'>n.</span> <span class='ocrx_word' id='word_1_261' title='bbox 875 2995 933 3040; x_wconf 86' lang='lat'>65.</span> 
     </span>
    </p>
   </div>
   <div class='ocr_carea' id='block_1_11' title="bbox 230 2733 474 2740">
    <p class='ocr_par' dir='ltr' id='par_1_13' title="bbox 230 2733 474 2740">
     <span class='ocr_line' id='line_1_36' title="bbox 230 2733 474 2740; baseline 0 0"><span class='ocrx_word' id='word_1_262' title='bbox 230 2733 474 2740; x_wconf 95' lang='lat' dir='ltr'> </span> 
     </span>
    </p>
   </div>
   <div class='ocr_carea' id='block_1_12' title="bbox 1926 1092 1958 1960">
    <p class='ocr_par' dir='ltr' id='par_1_14' title="bbox 1926 1092 1958 1960">
     <span class='ocr_line' id='line_1_37' title="bbox 1926 1092 1958 1960; baseline 0 0"><span class='ocrx_word' id='word_1_263' title='bbox 1926 1092 1958 1960; x_wconf 95' lang='lat' dir='ltr'> </span> 
     </span>
    </p>
   </div>
  </div>
 </body>
</html>
