1958 3210
841 171 926 214 1561
1653 176 1698 211 83

74 270 272 314 dericum
294 271 502 323 Gomem,
528 285 662 326 quem
684 271 852 315 scimus
874 274 989 316 bene
1012 287 1178 329 cupere
1201 275 1411 328 Araozio,
1448 277 1573 319 illum
1597 279 1697 333 plu-

75 348 172 391 rimi
202 349 362 400 facere,
394 347 514 390 illius
545 348 678 392 etiam
708 349 939 405 beneficijs
966 357 1011 393 et
1040 351 1270 407 obsequijs
1298 367 1399 395 esse
1426 353 1693 410 obligatum3

76 423 325 480 suscepisse
362 426 477 467 hanc
507 439 688 468 causam
725 433 881 469 contra
904 441 974 469 me
1002 434 1047 470 et
1085 427 1356 471 Societatem
1380 444 1461 485 pro
1482 431 1693 484 Araozio,

25 562 34 567 ᾖ
76 502 194 557 quod
215 500 444 544 videretur
465 516 565 544 mea
585 502 784 545 visitatio
814 502 946 547 vnice
968 511 1125 546 contra
1147 506 1269 547 hunc
1295 507 1475 550 Patrem
1505 521 1605 551 esse
1626 507 1672 549 in
1686 533 1696 538 -

76 578 246 622 stituta,
279 579 383 633 Qua
410 593 464 622 ex
493 593 541 622 re
569 578 575 636 Ι
602 579 743 622 multa
771 581 1165 635 consequebantur
1196 582 1231 623 ¹:
1263 582 1473 636 primum,
1505 583 1697 639 gratiam

74 655 190 711 apud
212 668 366 711 regem
395 662 439 699 et
466 654 782 711 hispalensem,
814 664 862 698 vt
890 658 1109 712 probabat
1137 658 1401 700 charitatem
1431 673 1559 702 suam
1588 674 1694 716 erga

71 731 198 788 regni
216 731 574 784 commoditates,
600 733 844 775 Araozium
867 734 1183 778 demerebatur
1205 735 1237 786 ²,
1264 742 1350 777 etc.

157 810 287 851 Hanc
324 807 580 864 opinionem
618 808 725 850 mihi
762 810 1047 854 confirmauit
1069 811 1130 865 id,
1155 809 1306 870 [quod]
1329 812 1558 867 Compluti
1595 827 1693 855 sum

69 886 269 928 dicturus
290 886 348 929 de
368 884 508 928 literis
529 885 790 942 interceptis
812 895 857 930 et
879 887 976 931 eius
999 889 1118 943 apud
1140 903 1212 931 me
1234 888 1453 932 oratione.

156 965 305 1018 Pergo
341 970 464 1006 recta
502 963 808 1019 Complutum.
851 965 917 1006 Ex
949 964 1108 1008 itinere
1141 965 1288 1007 saluto
1338 965 1548 1008 comitem
1590 979 1692 1008 oro—

66 1053 280 1096 pesanum
319 1047 364 1082 et
401 1039 691 1082 marchissam
729 1042 1051 1084 machedanam
1091 1049 1136 1084 et
1180 1041 1362 1084 fratrem
1406 1042 1497 1085 don
1542 1043 1692 1084 Theo-

69 1116 255 1160 tonium.
283 1116 414 1160 Mitto
442 1116 680 1160 Ximenem
704 1118 761 1159 ad
787 1118 1019 1161 doctorem
1049 1120 1315 1175 Vergaram,
1348 1134 1514 1175 rogans
1540 1126 1590 1161 vt
1611 1134 1691 1163 ve—

67 1193 180 1236 niret
201 1194 310 1237 165
337 1194 627 1249 Complutum
659 1201 708 1235 vt
727 1195 783 1238 de
805 1194 858 1237 iis
887 1196 1022 1239 rebus
1044 1210 1126 1238 nos
1153 1195 1340 1239 consilio
1370 1196 1562 1240 iuuaret.
1589 1198 1692 1240 Non

66 1270 226 1327 potuit,
266 1271 387 1326 quod
430 1278 608 1327 gereret
651 1270 774 1316 vices
820 1272 1135 1327 inquisitorum
1180 1273 1449 1316 absentium.
1482 1273 1685 1329 Scripsit.

66 1348 254 1391 Miratus
275 1355 344 1391 est
365 1350 671 1401 vehementer3
698 1355 743 1393 et
772 1356 921 1393 tamen
945 1365 992 1392 se
1015 1350 1127 1392 dixit
1144 1350 1230 1393 iam
1250 1358 1354 1394 ante
1377 1352 1464 1393 hoc
1489 1349 1692 1393 timuisse

63 1439 119 1468 ne
140 1426 344 1470 eueniret
367 1427 399 1468 ³.

149 1547 262 1589 166
637 1536 643 1544 ’
703 1561 962 1599 COMPLUTI,
985 1550 1047 1602 3.⁰

150 1659 267 1704 Veni
289 1660 583 1716 Complutum
608 1674 710 1703 cum
734 1660 876 1704 Tello.
902 1659 1105 1703 Intellexi
1129 1674 1222 1704 rem
1246 1666 1384 1702 totam
1415 1661 1471 1702 ab
1494 1659 1688 1702 Araozio

64 1744 108 1781 et
130 1739 181 1780 P.
210 1736 428 1791 Antonio,
453 1745 498 1780 et
520 1737 566 1779 in
587 1737 657 1780 his
680 1751 779 1780 sum
809 1737 1116 1789 confirmatus,
1154 1751 1269 1792 quae
1292 1743 1424 1780 antea
1446 1736 1684 1791 cogitaue—

63 1829 171 1858 ram.
198 1813 367 1857 Addidi
388 1816 525 1869 quod,
546 1829 687 1869 quum
705 1829 796 1859 non
813 1814 1042 1858 crederem
1062 1813 1306 1857 Araozium
1324 1828 1415 1856 non
1433 1812 1572 1857 fuisse
1588 1812 1679 1856 illa-

62 1905 159 1933 rum
183 1892 416 1934 turbarum
439 1898 688 1943 auctorem,
714 1891 775 1934 ita
797 1891 843 1932 in
866 1891 963 1946 ipso
985 1891 1127 1934 multa
1148 1905 1239 1933 non
1261 1891 1521 1946 probabam.

146 1970 237 2012 Iam
274 1968 467 2024 primum
504 1975 742 2024 propterea
773 1968 1010 2010 audiebam
1049 1969 1104 2010 ab
1150 1966 1346 2010 Araozio
1384 1966 1684 2022 hispalensem

57 2052 214 2101 putare
235 2060 306 2088 me
329 2045 571 2100 impulsore
593 2044 868 2089 discessisse.
901 2045 906 2101 Ι
936 2046 1208 2087 Accuratam
1232 2043 1389 2099 scripsi
1423 2058 1476 2086 ea
1512 2044 1570 2087 de
1605 2042 1686 2101 [re]

58 2121 327 2178 apologiam,
354 2129 399 2166 et
420 2121 605 2164 omnino
626 2122 823 2177 volujsse
853 2123 909 2164 ad
986 2136 1061 2163 um
1096 2120 1234 2173 adire,
1260 2128 1305 2163 et
1327 2135 1417 2162 non
1451 2121 1597 2162 solum
1632 2133 1684 2161 ea

57 2213 296 2254 exponere,
322 2213 437 2254 quae
471 2198 752 2254 scripseram,
784 2199 863 2242 sed
886 2198 1166 2241 confidenter
1194 2198 1437 2241 defendere
1461 2197 1677 2239 innocen-

59 2275 163 2320 tiam
186 2270 255 2319 P.
292 2278 327 2319 F
332 2275 536 2329 rancisci;
559 2283 603 2319 et
716 2277 745 2318 d
778 2289 899 2318 eram
933 2274 1184 2318 additurus:
1226 2275 1263 2317 si
1285 2274 1393 2329 quid
1425 2279 1560 2325 esset,
1596 2286 1677 2315 cur

57 2352 175 2396 illius
211 2352 534 2409 profectionem
573 2367 664 2395 non
700 2352 1045 2407 interpellasset,
1074 2366 1213 2407 quum
1250 2350 1472 2407 potuisset
1511 2363 1562 2391 ac
1600 2350 1679 2393 de-

58 2429 249 2473 buisset?

144 2508 362 2551 Volebam
391 2515 622 2563 praeterea
644 2522 798 2563 regem
821 2507 959 2559 adire,
985 2514 1033 2548 vt
1055 2519 1317 2549 excusarem
1340 2503 1611 2548 Societatem
1635 2510 1679 2545 et

54 2598 139 2626 me.
165 2585 389 2627 Neutrum
412 2585 739 2627 consuluerunt
762 2586 936 2635 Patres,
962 2583 1284 2626 dissuadebant
1305 2581 1412 2623 167
1442 2579 1574 2624 etiam
1598 2594 1676 2623 ve-

52 2661 283 2704 hementer
307 2660 547 2713 Araozius,
582 2663 717 2704 Pater
745 2659 851 2704 item
881 2658 1126 2702 Antonius.
1152 2660 1415 2701 Nocturnus
1437 2662 1600 2710 metus,
1632 2664 1676 2699 et

50 2737 345 2790 confirmatio,
371 2744 457 2781 etc.
490 2736 625 2780 Volui
653 2736 852 2789 visitare,
884 2737 962 2779 sed
996 2751 1050 2779 ex
1074 2734 1333 2779 eorumdem
1363 2732 1548 2775 consilio
1575 2732 1677 2775 misi

123 2864 132 2883 ¹
184 2862 242 2897 Ms
252 2888 260 2897 .
273 2889 281 2906 ,
297 2862 617 2908 consequebatur.

120 2923 133 2942 ‘²
184 2920 442 2966 SACCHINUS,
462 2923 535 2956 loc.
556 2921 639 2967 cit.,
658 2933 696 2955 n.
717 2920 775 2965 37.

122 2981 135 3000 ⁵
185 2980 268 3014 Fol.
292 2981 356 3024 165
376 2992 413 3015 v,
434 2992 571 3027 purum
586 2979 765 3014 relictum
785 2986 857 3015 est.
