1958 3210
777 153 994 189 APPEND1X
1627 152 1692 188 611

812 341 874 382 IX
905 340 948 396 (b

633 433 870 480 JOANNES
897 435 1127 471 RHETms

497 529 544 553 ex
563 517 837 553 commissione
855 519 898 553 P.
920 518 1109 553 Leo'nardi
1130 519 1267 553 Kessel

610 609 751 639 PATRI
776 610 956 649 JACOBO
981 610 1154 640 LAINEZ

450 685 665 729 Coloniae
679 719 688 737 ,
731 698 754 727 2
795 685 1075 741 Septembris
1120 686 1227 740 1562
1273 687 1300 728 ¹.

315 777 435 813 Gesta
452 775 613 810 Natalis
632 775 672 809 vin
693 775 852 821 collegii
870 774 1103 809 coloniensis
1116 774 1447 821 perlustratione.

157 857 509 908 ...Posteaquam
533 852 798 895 Reverenda
822 851 1076 894 Paternitas
1099 853 1214 903 Tua,
1240 849 1464 906 generalis
1481 850 1692 893 commis-

65 914 208 959 sarius
231 916 284 958 R.
313 916 364 957 P.
399 912 704 967 Hieronymus
734 910 921 962 Natalis,
962 918 1007 953 et
1044 925 1147 953 cum
1170 924 1223 954 eo
1264 912 1317 952 R.
1355 912 1406 952 P.
1435 910 1691 953 Euerardus

51 973 377 1019 Mercurianus
399 970 702 1028 prouincialis,
735 970 1043 1013 Reverendam
1075 969 1397 1012 Paternitatem
1428 970 1571 1011 Tuam
1601 983 1692 1011 non

36 1074 38 1077 .
65 1035 126 1077 ita
147 1033 224 1084 diu
247 1040 347 1088 post
368 1030 614 1081 subsecuti,
641 1032 727 1072 hoc
749 1036 949 1072 nostrum
975 1028 1216 1085 collegium
1235 1028 1490 1080 visitarunt,
1512 1043 1690 1070 rursum

66 1107 222 1137 omnes
242 1100 349 1135 vota
365 1106 447 1134 sua
469 1093 566 1133 Deo
588 1090 864 1139 obtulerunt,
891 1088 1006 1131 inter
1024 1103 1136 1143 quos
1155 1095 1249 1130 tum
1268 1100 1295 1141 4
1314 1088 1495 1130 fuerunt
1513 1087 1687 1139 nouitii,

67 1152 143 1208 qui
165 1153 287 1195 nulla
310 1158 414 1195 ante
436 1156 541 1193 vota
563 1148 819 1192 emiserant.
848 1150 903 1191 Et
926 1155 1074 1190 autem
1099 1149 1147 1190 R.
1175 1149 1227 1190 P.
1260 1146 1594 1189 commissarius
1616 1147 1689 1189 hic

68 1219 156 1255 tres
179 1211 448 1267 septimanas
471 1215 769 1251 conuersatus
791 1221 958 1263 magno
981 1213 1102 1250 certe
1120 1206 1300 1261 collegii
1317 1207 1453 1259 bono,
1474 1213 1519 1248 et
1538 1213 1689 1248 nostra

66 1270 393 1323 consolatione3
424 1282 620 1323 vereque
652 1275 889 1323 paternum
918 1281 1050 1308 suum
1079 1280 1187 1321 erga
1216 1280 1298 1307 nos
1327 1272 1370 1309 et
1401 1272 1538 1307 totam
1569 1266 1688 1308 Ger-

57 1330 259 1374 'maniam
282 1329 481 1372 animum
504 1326 764 1370 declarauit.
792 1325 1090 1381 Quotidianas
1114 1325 1439 1380 propemodum
1459 1325 1513 1367 de
1532 1324 1688 1368 Socie-

66 1390 169 1434 tatis
190 1389 397 1433 instituto
418 1387 660 1431 conciones
683 1387 738 1428 ad
757 1388 915 1429 Patres
938 1392 983 1428 et
1007 1386 1164 1427 fratres
1187 1383 1361 1437 habuit,
1386 1391 1431 1426 et
1453 1383 1689 1426 conuicto-

66 1465 137 1494 res
166 1450 223 1492 ad
250 1447 431 1491 virtutis
462 1454 507 1489 et
534 1445 712 1502 pietatis
741 1444 889 1488 studia
916 1444 1050 1487 etiam
1080 1451 1147 1486 est
1176 1445 1453 1486 adhortatus.
1489 1442 1689 1485 Plurima

66 1516 296 1566 praeterea
319 1505 662 1564 prudentissime
684 1503 933 1556 constituit,
955 1511 999 1547 et
1016 1503 1165 1545 omnia
1187 1503 1243 1545 ad
1267 1502 1478 1557 optimam
1500 1503 1689 1544 formam

67 1567 257 1623 redegit.
285 1569 490 1623 Quorum
508 1565 874 1620 exequendorum
893 1562 1038 1619 gratia
1056 1569 1156 1618 post
1174 1562 1271 1606 eius
1288 1561 1536 1604 discessum
1557 1563 1609 1604 R.
1634 1563 1685 1603 P.

68 1627 370 1684 prouincialis,
395 1641 475 1669 sex
497 1626 646 1668 adhuc
673 1623 768 1667 dies
799 1624 919 1678 apud
947 1637 1028 1664 nos
1058 1622 1287 1672 remansit,
1313 1628 1358 1663 et
1387 1621 1480 1663 suis
1509 1634 1690 1675 quoque

69 1686 349 1731 sermonibus
366 1685 538 1728 animos
561 1691 605 1728 et
628 1683 834 1740 spiritum
856 1682 903 1724 in
920 1681 1084 1724 nostris
1102 1681 1240 1724 auxit.
1265 1682 1404 1724 Porro
1423 1682 1475 1722 R.
1500 1681 1550 1722 P.
1574 1681 1690 1722 Leo-

69 1748 252 1800 nardus,
278 1753 430 1788 noster
451 1743 655 1800 superior
678 1750 798 1785 totus
826 1743 959 1784 modo
990 1741 1035 1783 in
1063 1743 1149 1783 hoc
1172 1739 1407 1791 incumbit,
1445 1746 1494 1780 ut
1521 1738 1690 1781 consti-

70 1814 166 1849 tuta
187 1820 266 1861 per
288 1807 342 1848 R.
377 1807 432 1848 Ρ.
471 1801 827 1846 commissarium
862 1801 907 1843 in
939 1815 1070 1843 vsum
1093 1801 1313 1850 traducat,
1354 1800 1592 1852 locumque
1620 1813 1690 1840 re—

69 1864 285 1910 creationi
316 1865 503 1907 fratrum
542 1870 697 1921 aptum
735 1861 956 1913 aedificat;
990 1861 1149 1903 fratres
1186 1866 1335 1901 autem
1365 1858 1408 1899 in
1445 1857 1690 1913 disciplinis

69 1924 297 1976 faciendis,
323 1939 349 1967 a
370 1923 534 1978 quibus
557 1921 755 1978 quidam,
782 1919 1042 1977 praesertim
1067 1917 1286 1975 germani,
1312 1918 1503 1959 multum
1527 1918 1690 1958 abhor-

4 1988 8 1991 “
66 1993 181 2036 rent,
207 1984 268 2026 ita
291 1984 595 2039 profecerunt,
621 1989 672 2023 ut
700 1982 869 2024 alacres
899 1986 1112 2036 expetant
1141 1986 1185 2022 et
1211 1977 1402 2021 libenter
1426 1975 1687 2033 suscipiant3

65 2043 155 2087 imo
178 2042 379 2099 quotidie
400 2043 491 2085 duo
513 2056 590 2085 eas
619 2040 805 2084 faciunt.

812 2190 874 2231 IX
904 2189 943 2244 (C

479 2281 530 2315 Ρ.
565 2277 841 2314 ANNIBAL
881 2278 962 2313 DU
998 2275 1284 2312 COUDREY

607 2364 747 2394 PATRI
779 2363 959 2404 JACOBO
984 2362 1158 2392 LAINEZ

512 2434 707 2487 Billioni,
750 2444 773 2488 5
815 2432 1029 2477 Octobris
1068 2433 1175 2486 1562
1214 2433 1246 2473 Ξ.

166 2520 421 2579 ...jeiunia
443 2519 576 2563 etiam
609 2518 653 2560 in
683 2520 770 2561 hoc
791 2517 998 2561 instituta
1035 2524 1135 2572 post
1171 2515 1417 2558 discessum
1456 2514 1554 2555 RR.
1596 2514 1687 2554 ΡΡ.

69 2580 242 2625 Natalis
263 2587 309 2624 et
332 2578 563 2623 Paschasii
585 2592 641 2621 ex
662 2579 747 2620 hac
769 2579 894 2627 vrbe,
920 2575 1130 2632 quoniam
1154 2574 1472 2617 dubitabamus
1489 2587 1544 2614 an
1564 2570 1693 2613 facile

68 2648 219 2685 essent
241 2639 468 2684 Lutetiam
491 2638 582 2695 (vbi
606 2644 714 2680 tunc
743 2644 838 2681 erat
868 2635 1121 2679 Paternitas
1145 2635 1255 2689 Tua)
1286 2633 1381 2675 sine
1409 2630 1693 2674 incommodo

66 2699 345 2757 peruenturi,
361 2714 465 2742 cum
481 2698 662 2754 quidem
680 2697 809 2741 bellis
827 2697 1054 2739 feruerent
1070 2693 1236 2745 omnia,
1253 2700 1297 2736 et
1310 2692 1522 2748 pleraque
1538 2690 1582 2731 in
1597 2704 1692 2732 me-

139 2810 149 2829 ¹
200 2808 392 2853 Excerpta
410 2817 458 2840 ex
478 2804 618 2841 litteris
641 2802 988 2851 quadrimestribus
1013 2800 1167 2846 collegii
1187 2798 1434 2842 coloniensis,
1455 2798 1493 2832 in
1516 2796 1613 2830 Cod.
1643 2805 1692 2839 29

70 2855 124 2901 b),
143 2854 208 2889 fol.
232 2863 297 2899 109
315 2856 404 2898 (77).
425 2853 523 2888 Vide
543 2864 672 2899 supra,
691 2863 778 2898 pag.
804 2859 870 2895 104
889 2855 928 2884 et
952 2848 1133 2895 append„
1152 2848 1206 2882 IX
1224 2849 1276 2888 (a.

75 2902 261 2985 aan-'OtEIn
292 2903 517 2947 archetypo,
542 2900 581 2936 in
607 2899 702 2935 Cod.
737 2909 782 2944 30
812 2901 869 2943 a),
902 2897 967 2933 fol.
1002 2906 1045 2941 29
1075 2898 1164 2941 (41).
1198 2894 1297 2929 Vide
1329 2904 1457 2939 supra,
1489 2902 1575 2938 pag.
1613 2890 1692 2934 178,
