<?xml version="1.0" encoding="UTF-8"?>
<!DOCTYPE html PUBLIC "-//W3C//DTD XHTML 1.0 Transitional//EN"
    "http://www.w3.org/TR/xhtml1/DTD/xhtml1-transitional.dtd">
<html xmlns="http://www.w3.org/1999/xhtml" xml:lang="en" lang="en">
 <head>
  <title>
</title>
<meta http-equiv="Content-Type" content="text/html;charset=utf-8" />
  <meta name='ocr-system' content='tesseract 3.04.00' />
  <meta name='ocr-capabilities' content='ocr_page ocr_carea ocr_par ocr_line ocrx_word'/>
</head>
<body>
  <div class='ocr_page' id='page_1' title='image "./epistolaephieron09nada_0702.png"; bbox 0 0 1958 3210; ppageno 0'>
   <div class='ocr_carea' id='block_1_1' title="bbox 219 168 1751 257">
    <p class='ocr_par' dir='ltr' id='par_1_1' title="bbox 219 168 1751 257">
     <span class='ocr_line' id='line_1_1' title="bbox 219 168 1240 212; baseline 0.001 -9"><span class='ocrx_word' id='word_1_1' title='bbox 219 168 290 203; x_wconf 88' lang='lat'>660</span> <span class='ocrx_word' id='word_1_2' title='bbox 602 209 605 212; x_wconf 64' lang='lat'><em>‚</em></span> <span class='ocrx_word' id='word_1_3' title='bbox 833 170 974 204; x_wconf 80' lang='lat' dir='ltr'>EPIST.</span> <span class='ocrx_word' id='word_1_4' title='bbox 1007 169 1053 203; x_wconf 92' lang='lat' dir='ltr'>P.</span> <span class='ocrx_word' id='word_1_5' title='bbox 1089 168 1240 205; x_wconf 78' lang='lat' dir='ltr'><strong>NADAL</strong></span> 
     </span>
     <span class='ocr_line' id='line_1_2' title="bbox 1734 229 1751 257; baseline 0 0"><span class='ocrx_word' id='word_1_6' title='bbox 1734 229 1751 257; x_wconf 72' lang='grc' dir='ltr'><strong>ο</strong></span> 
     </span>
    </p>
   </div>
   <div class='ocr_carea' id='block_1_2' title="bbox 213 269 1856 626">
    <p class='ocr_par' dir='ltr' id='par_1_2' title="bbox 213 269 1856 562">
     <span class='ocr_line' id='line_1_3' title="bbox 217 269 1856 328; baseline 0.002 -16"><span class='ocrx_word' id='word_1_7' title='bbox 217 285 398 312; x_wconf 83' lang='lat' dir='ltr'>oramus</span> <span class='ocrx_word' id='word_1_8' title='bbox 422 284 555 325; x_wconf 90' lang='lat' dir='ltr'>quam</span> <span class='ocrx_word' id='word_1_9' title='bbox 579 284 822 325; x_wconf 88' lang='lat' dir='ltr'>possumus</span> <span class='ocrx_word' id='word_1_10' title='bbox 845 269 1242 313; x_wconf 65' lang='lat' dir='ltr'>uehementissime</span> <span class='ocrx_word' id='word_1_11' title='bbox 1267 277 1316 313; x_wconf 90' lang='lat' dir='ltr'>ut</span> <span class='ocrx_word' id='word_1_12' title='bbox 1338 272 1424 313; x_wconf 92' lang='lat' dir='ltr'>hoc</span> <span class='ocrx_word' id='word_1_13' title='bbox 1444 272 1581 326; x_wconf 86' lang='lat' dir='ltr'>(quod</span> <span class='ocrx_word' id='word_1_14' title='bbox 1603 279 1727 315; x_wconf 86' lang='lat' dir='ltr'>certo</span> <span class='ocrx_word' id='word_1_15' title='bbox 1751 287 1830 328; x_wconf 84' lang='lat' dir='ltr'>spe</span> <span class='ocrx_word' id='word_1_16' title='bbox 1845 297 1856 303; x_wconf 88' lang='lat'><strong>·</strong></span> 
     </span>
     <span class='ocr_line' id='line_1_4' title="bbox 217 329 1856 385; baseline 0.002 -14"><span class='ocrx_word' id='word_1_17' title='bbox 217 344 369 371; x_wconf 85' lang='lat' dir='ltr'>ramus</span> <span class='ocrx_word' id='word_1_18' title='bbox 392 337 437 372; x_wconf 89' lang='lat' dir='ltr'>et</span> <span class='ocrx_word' id='word_1_19' title='bbox 460 329 766 384; x_wconf 80' lang='lat' dir='ltr'>expectamus)</span> <span class='ocrx_word' id='word_1_20' title='bbox 790 332 1100 385; x_wconf 78' lang='lat' dir='ltr'>impetremus.</span> <span class='ocrx_word' id='word_1_21' title='bbox 1127 330 1351 373; x_wconf 82' lang='lat' dir='ltr'>Dominus</span> <span class='ocrx_word' id='word_1_22' title='bbox 1375 330 1584 373; x_wconf 85' lang='lat' dir='ltr'>Christus</span> <span class='ocrx_word' id='word_1_23' title='bbox 1616 339 1856 374; x_wconf 89' lang='lat' dir='ltr'>conseruet</span> 
     </span>
     <span class='ocr_line' id='line_1_5' title="bbox 217 389 1855 434; baseline 0.001 -4"><span class='ocrx_word' id='word_1_24' title='bbox 217 390 270 430; x_wconf 92' lang='lat' dir='ltr'>T.</span> <span class='ocrx_word' id='word_1_25' title='bbox 299 390 354 431; x_wconf 90' lang='lat' dir='ltr'>D.</span> <span class='ocrx_word' id='word_1_26' title='bbox 383 396 427 431; x_wconf 88' lang='lat' dir='ltr'>et</span> <span class='ocrx_word' id='word_1_27' title='bbox 452 396 589 430; x_wconf 88' lang='lat' dir='ltr'>totam</span> <span class='ocrx_word' id='word_1_28' title='bbox 619 390 737 430; x_wconf 87' lang='lat' dir='ltr'>hanc</span> <span class='ocrx_word' id='word_1_29' title='bbox 760 389 1037 433; x_wconf 75' lang='lat' dir='ltr'>Societatem</span> <span class='ocrx_word' id='word_1_30' title='bbox 1068 389 1111 431; x_wconf 90' lang='lat' dir='ltr'>in</span> <span class='ocrx_word' id='word_1_31' title='bbox 1141 390 1343 434; x_wconf 90' lang='lat' dir='ltr'>solamen</span> <span class='ocrx_word' id='word_1_32' title='bbox 1371 397 1416 433; x_wconf 85' lang='lat' dir='ltr'>et</span> <span class='ocrx_word' id='word_1_33' title='bbox 1442 391 1634 433; x_wconf 90' lang='lat' dir='ltr'>salutem</span> <span class='ocrx_word' id='word_1_34' title='bbox 1666 390 1855 433; x_wconf 88' lang='lat' dir='ltr'>catholi-</span> 
     </span>
     <span class='ocr_line' id='line_1_6' title="bbox 213 447 1854 503; baseline 0.002 -14"><span class='ocrx_word' id='word_1_35' title='bbox 213 462 291 490; x_wconf 88' lang='lat' dir='ltr'>cae</span> <span class='ocrx_word' id='word_1_36' title='bbox 315 447 533 490; x_wconf 87' lang='lat' dir='ltr'>ecclesiae</span> <span class='ocrx_word' id='word_1_37' title='bbox 561 462 840 503; x_wconf 77' lang='lat' dir='ltr'>praecamur,</span> <span class='ocrx_word' id='word_1_38' title='bbox 868 449 1237 492; x_wconf 75' lang='lat' dir='ltr'>commendantes</span> <span class='ocrx_word' id='word_1_39' title='bbox 1260 464 1342 492; x_wconf 86' lang='lat' dir='ltr'>nos</span> <span class='ocrx_word' id='word_1_40' title='bbox 1365 449 1543 493; x_wconf 89' lang='lat' dir='ltr'>deuotis</span> <span class='ocrx_word' id='word_1_41' title='bbox 1566 449 1728 492; x_wconf 89' lang='lat' dir='ltr'>vestris</span> <span class='ocrx_word' id='word_1_42' title='bbox 1751 455 1854 493; x_wconf 87' lang='lat' dir='ltr'>ora—</span> 
     </span>
     <span class='ocr_line' id='line_1_7' title="bbox 216 507 1177 562; baseline 0.002 -14"><span class='ocrx_word' id='word_1_43' title='bbox 216 507 428 549; x_wconf 80' lang='lat' dir='ltr'>tionibus.</span> <span class='ocrx_word' id='word_1_44' title='bbox 457 507 649 560; x_wconf 82' lang='lat' dir='ltr'>Merani,</span> <span class='ocrx_word' id='word_1_45' title='bbox 680 508 731 550; x_wconf 99' lang='grc'>16</span> <span class='ocrx_word' id='word_1_46' title='bbox 755 507 1021 550; x_wconf 81' lang='lat' dir='ltr'>Decembris</span> <span class='ocrx_word' id='word_1_47' title='bbox 1051 509 1177 562; x_wconf 77' lang='lat'>1564.</span> 
     </span>
    </p>

    <p class='ocr_par' dir='ltr' id='par_1_3' title="bbox 303 568 1850 626">
     <span class='ocr_line' id='line_1_8' title="bbox 303 568 1850 626; baseline 0.002 -18"><span class='ocrx_word' id='word_1_48' title='bbox 303 568 649 610; x_wconf 81' lang='lat' dir='ltr'><strong>MADALENA.-—-</strong></span> <span class='ocrx_word' id='word_1_49' title='bbox 662 569 983 611; x_wconf 84' lang='lat' dir='ltr'><strong>MARGARETA.</strong></span> <span class='ocrx_word' id='word_1_50' title='bbox 995 568 1383 611; x_wconf 75' lang='lat' dir='ltr'><strong>:WARBARA.:</strong></span> <span class='ocrx_word' id='word_1_51' title='bbox 1395 569 1575 611; x_wconf 81' lang='lat' dir='ltr'><strong>ELENA.</strong></span> <span class='ocrx_word' id='word_1_52' title='bbox 1586 570 1850 626; x_wconf 71' lang='lat' dir='ltr'><strong>:JOHANA.</strong></span> 
     </span>
    </p>
   </div>
   <div class='ocr_carea' id='block_1_3' title="bbox 212 686 1858 920">
    <p class='ocr_par' dir='ltr' id='par_1_4' title="bbox 212 686 1858 920">
     <span class='ocr_line' id='line_1_9' title="bbox 301 686 1857 741; baseline 0.003 -15"><span class='ocrx_word' id='word_1_53' title='bbox 301 686 340 726; x_wconf 71' lang='lat' dir='ltr'><strong>A</strong></span> <span class='ocrx_word' id='word_1_54' title='bbox 365 688 508 741; x_wconf 70' lang='lat' dir='ltr'>tergo,</span> <span class='ocrx_word' id='word_1_55' title='bbox 538 686 692 728; x_wconf 70' lang='lat' dir='ltr'>eadem</span> <span class='ocrx_word' id='word_1_56' title='bbox 723 701 879 728; x_wconf 76' lang='lat' dir='ltr'>mann:</span> <span class='ocrx_word' id='word_1_57' title='bbox 909 686 1052 741; x_wconf 90' lang='lat' dir='ltr'>Copia</span> <span class='ocrx_word' id='word_1_58' title='bbox 1085 686 1317 729; x_wconf 90' lang='lat' dir='ltr'>literarum</span> <span class='ocrx_word' id='word_1_59' title='bbox 1350 686 1756 738; x_wconf 85' lang='lat' dir='ltr'>serenissimarum,</span> <span class='ocrx_word' id='word_1_60' title='bbox 1790 687 1857 730; x_wconf 86' lang='lat' dir='ltr'>la—</span> 
     </span>
     <span class='ocr_line' id='line_1_10' title="bbox 212 743 1854 801; baseline 0.002 -16"><span class='ocrx_word' id='word_1_61' title='bbox 212 743 318 786; x_wconf 87' lang='lat' dir='ltr'>tina.</span> <span class='ocrx_word' id='word_1_62' title='bbox 348 745 469 786; x_wconf 72' lang='lat' dir='ltr'>Alia:</span> <span class='ocrx_word' id='word_1_63' title='bbox 499 746 624 799; x_wconf 78' lang='grc'>1564.</span> <span class='ocrx_word' id='word_1_64' title='bbox 659 748 856 789; x_wconf 88' lang='lat' dir='ltr'>Merana.</span> <span class='ocrx_word' id='word_1_65' title='bbox 883 747 948 789; x_wconf 92' lang='lat' dir='ltr'>Le</span> <span class='ocrx_word' id='word_1_66' title='bbox 975 746 1141 800; x_wconf 86' lang='lat' dir='ltr'>cinque</span> <span class='ocrx_word' id='word_1_67' title='bbox 1171 746 1344 801; x_wconf 84' lang='lat' dir='ltr'>regine,</span> <span class='ocrx_word' id='word_1_68' title='bbox 1377 761 1402 788; x_wconf 91' lang='lat' dir='ltr'>a</span> <span class='ocrx_word' id='word_1_69' title='bbox 1437 747 1487 789; x_wconf 83' lang='lat'>16</span> <span class='ocrx_word' id='word_1_70' title='bbox 1516 746 1561 788; x_wconf 92' lang='lat' dir='ltr'>di</span> <span class='ocrx_word' id='word_1_71' title='bbox 1584 747 1854 798; x_wconf 82' lang='lat' dir='ltr'>Decembre,</span> 
     </span>
     <span class='ocr_line' id='line_1_11' title="bbox 212 803 1858 860; baseline 0.001 -15"><span class='ocrx_word' id='word_1_72' title='bbox 212 803 418 859; x_wconf 88' lang='lat' dir='ltr'>figliuole</span> <span class='ocrx_word' id='word_1_73' title='bbox 460 805 547 847; x_wconf 80' lang='lat' dir='ltr'>del&#39;</span> <span class='ocrx_word' id='word_1_74' title='bbox 593 804 836 860; x_wconf 87' lang='lat' dir='ltr'>imperator</span> <span class='ocrx_word' id='word_1_75' title='bbox 880 805 1167 849; x_wconf 86' lang='lat' dir='ltr'>Ferdinando</span> <span class='ocrx_word' id='word_1_76' title='bbox 1205 806 1249 847; x_wconf 83' lang='lat' dir='ltr'>d&#39;</span> <span class='ocrx_word' id='word_1_77' title='bbox 1291 805 1495 849; x_wconf 82' lang='lat' dir='ltr'>Austria‚</span> <span class='ocrx_word' id='word_1_78' title='bbox 1534 807 1593 848; x_wconf 80' lang='lat' dir='ltr'>Et</span> <span class='ocrx_word' id='word_1_79' title='bbox 1631 806 1746 847; x_wconf 76' lang='lat' dir='ltr'>alia:</span> <span class='ocrx_word' id='word_1_80' title='bbox 1783 806 1858 849; x_wconf 92' lang='lat' dir='ltr'>Ad</span> 
     </span>
     <span class='ocr_line' id='line_1_12' title="bbox 212 864 803 920; baseline 0.002 -15"><span class='ocrx_word' id='word_1_81' title='bbox 212 865 266 905; x_wconf 83' lang='lat' dir='ltr'>R.</span> <span class='ocrx_word' id='word_1_82' title='bbox 298 866 347 906; x_wconf 82' lang='lat' dir='ltr'>P.</span> <span class='ocrx_word' id='word_1_83' title='bbox 371 865 594 920; x_wconf 87' lang='lat' dir='ltr'>Jacobum</span> <span class='ocrx_word' id='word_1_84' title='bbox 620 864 803 908; x_wconf 85' lang='lat' dir='ltr'>Lainez.</span> 
     </span>
    </p>
   </div>
   <div class='ocr_carea' id='block_1_4' title="bbox 703 961 1358 1080">
    <p class='ocr_par' dir='ltr' id='par_1_5' title="bbox 703 961 1358 1080">
     <span class='ocr_line' id='line_1_13' title="bbox 966 961 1113 1004; baseline -0.014 0"><span class='ocrx_word' id='word_1_85' title='bbox 966 961 1113 1004; x_wconf 91' lang='lat' dir='ltr'>XLIV</span> 
     </span>
     <span class='ocr_line' id='line_1_14' title="bbox 703 1043 1358 1080; baseline 0.002 -3"><span class='ocrx_word' id='word_1_86' title='bbox 703 1044 753 1077; x_wconf 87' lang='lat' dir='ltr'>B.</span> <span class='ocrx_word' id='word_1_87' title='bbox 792 1044 1027 1080; x_wconf 88' lang='lat' dir='ltr'>PETRUS</span> <span class='ocrx_word' id='word_1_88' title='bbox 1068 1043 1358 1079; x_wconf 87' lang='lat' dir='ltr'><strong>CANISIUS</strong></span> 
     </span>
    </p>
   </div>
   <div class='ocr_carea' id='block_1_5' title="bbox 750 1129 1319 1169">
    <p class='ocr_par' dir='ltr' id='par_1_6' title="bbox 750 1129 1319 1169">
     <span class='ocr_line' id='line_1_15' title="bbox 750 1129 1319 1169; baseline 0 -11"><span class='ocrx_word' id='word_1_89' title='bbox 750 1130 891 1159; x_wconf 88' lang='lat' dir='ltr'><strong>PATRI</strong></span> <span class='ocrx_word' id='word_1_90' title='bbox 925 1130 1108 1169; x_wconf 86' lang='lat' dir='ltr'><strong>JACOBO</strong></span> <span class='ocrx_word' id='word_1_91' title='bbox 1142 1129 1319 1159; x_wconf 86' lang='lat' dir='ltr'><strong>LAINEZ</strong></span> 
     </span>
    </p>
   </div>
   <div class='ocr_carea' id='block_1_6' title="bbox 652 1199 1342 1271">
    <p class='ocr_par' dir='ltr' id='par_1_7' title="bbox 652 1199 1342 1271">
     <span class='ocr_line' id='line_1_16' title="bbox 652 1199 1342 1271; baseline 0.001 -30.012"><span class='ocrx_word' id='word_1_92' title='bbox 652 1200 920 1271; x_wconf 77' lang='lat' dir='ltr'>Augustae,</span> <span class='ocrx_word' id='word_1_93' title='bbox 947 1199 1195 1258; x_wconf 84' lang='lat' dir='ltr'>6Januarii</span> <span class='ocrx_word' id='word_1_94' title='bbox 1235 1201 1342 1254; x_wconf 83' lang='lat'>1565</span> 
     </span>
    </p>
   </div>
   <div class='ocr_carea' id='block_1_7' title="bbox 295 1262 1767 1378">
    <p class='ocr_par' dir='ltr' id='par_1_8' title="bbox 295 1262 1767 1378">
     <span class='ocr_line' id='line_1_17' title="bbox 295 1262 1767 1330; baseline 0 -13"><span class='ocrx_word' id='word_1_95' title='bbox 295 1283 367 1317; x_wconf 77' lang='lat' dir='ltr'>S&#39;C}</span> <span class='ocrx_word' id='word_1_96' title='bbox 373 1283 427 1317; x_wconf 68' lang='lat' dir='ltr'>ibe</span> <span class='ocrx_word' id='word_1_97' title='bbox 433 1284 504 1318; x_wconf 70' lang='lat' dir='ltr'>ndi</span> <span class='ocrx_word' id='word_1_98' title='bbox 522 1262 796 1318; x_wconf 73' lang='lat' dir='ltr'>ministerium</span> <span class='ocrx_word' id='word_1_99' title='bbox 817 1284 1084 1318; x_wconf 67' lang='lat' dir='ltr'>commendat:</span> <span class='ocrx_word' id='word_1_100' title='bbox 1105 1284 1263 1318; x_wconf 66' lang='lat' dir='ltr'>litteras</span> <span class='ocrx_word' id='word_1_101' title='bbox 1282 1284 1453 1328; x_wconf 79' lang='lat' dir='ltr'>indicas,</span> <span class='ocrx_word' id='word_1_102' title='bbox 1474 1283 1672 1330; x_wconf 73' lang='lat' dir='ltr'>dialogOS,</span> <span class='ocrx_word' id='word_1_103' title='bbox 1693 1285 1767 1319; x_wconf 78' lang='lat' dir='ltr'>etc.</span> 
     </span>
     <span class='ocr_line' id='line_1_18' title="bbox 837 1332 1247 1378; baseline -0.003 -13"><span class='ocrx_word' id='word_1_104' title='bbox 837 1332 938 1378; x_wconf 76' lang='lat' dir='ltr'>typis</span> <span class='ocrx_word' id='word_1_105' title='bbox 957 1332 1099 1366; x_wconf 69' lang='lat' dir='ltr'>excudi</span> <span class='ocrx_word' id='word_1_106' title='bbox 1119 1334 1247 1378; x_wconf 75' lang='lat' dir='ltr'>optat.</span> 
     </span>
    </p>
   </div>
   <div class='ocr_carea' id='block_1_8' title="bbox 213 1402 1862 1865">
    <p class='ocr_par' dir='ltr' id='par_1_9' title="bbox 213 1402 1862 1865">
     <span class='ocr_line' id='line_1_19' title="bbox 327 1402 1857 1459; baseline -0.001 -14"><span class='ocrx_word' id='word_1_107' title='bbox 327 1438 353 1445; x_wconf 90' lang='lat'>..</span> <span class='ocrx_word' id='word_1_108' title='bbox 389 1404 531 1446; x_wconf 80' lang='lat' dir='ltr'>Valde</span> <span class='ocrx_word' id='word_1_109' title='bbox 564 1417 780 1459; x_wconf 83' lang='lat' dir='ltr'>rogamus</span> <span class='ocrx_word' id='word_1_110' title='bbox 809 1411 858 1445; x_wconf 88' lang='lat' dir='ltr'>vt</span> <span class='ocrx_word' id='word_1_111' title='bbox 890 1411 1111 1459; x_wconf 79' lang='lat' dir='ltr'>urgeatur</span> <span class='ocrx_word' id='word_1_112' title='bbox 1140 1403 1377 1459; x_wconf 88' lang='lat' dir='ltr'>negotium</span> <span class='ocrx_word' id='word_1_113' title='bbox 1408 1402 1634 1446; x_wconf 89' lang='lat' dir='ltr'>scribendi</span> <span class='ocrx_word' id='word_1_114' title='bbox 1672 1402 1857 1457; x_wconf 81' lang='lat' dir='ltr'>aliquid,</span> 
     </span>
     <span class='ocr_line' id='line_1_20' title="bbox 213 1462 1857 1519; baseline 0 -15"><span class='ocrx_word' id='word_1_115' title='bbox 213 1463 334 1516; x_wconf 85' lang='lat' dir='ltr'>quod</span> <span class='ocrx_word' id='word_1_116' title='bbox 352 1462 397 1504; x_wconf 90' lang='lat' dir='ltr'>in</span> <span class='ocrx_word' id='word_1_117' title='bbox 415 1462 581 1505; x_wconf 90' lang='lat' dir='ltr'>scholis</span> <span class='ocrx_word' id='word_1_118' title='bbox 600 1462 801 1518; x_wconf 87' lang='lat' dir='ltr'>praelegi</span> <span class='ocrx_word' id='word_1_119' title='bbox 825 1463 982 1518; x_wconf 89' lang='lat' dir='ltr'>possit,</span> <span class='ocrx_word' id='word_1_120' title='bbox 1010 1464 1067 1505; x_wconf 91' lang='lat' dir='ltr'>ob</span> <span class='ocrx_word' id='word_1_121' title='bbox 1086 1463 1381 1519; x_wconf 89' lang='lat' dir='ltr'>multiplicem</span> <span class='ocrx_word' id='word_1_122' title='bbox 1401 1463 1498 1506; x_wconf 89' lang='lat' dir='ltr'>eius</span> <span class='ocrx_word' id='word_1_123' title='bbox 1517 1463 1580 1506; x_wconf 89' lang='lat' dir='ltr'>rei</span> <span class='ocrx_word' id='word_1_124' title='bbox 1600 1462 1857 1506; x_wconf 87' lang='lat' dir='ltr'>utilitatem.</span> 
     </span>
     <span class='ocr_line' id='line_1_21' title="bbox 215 1521 1850 1578; baseline 0.001 -14"><span class='ocrx_word' id='word_1_125' title='bbox 215 1521 432 1564; x_wconf 86' lang='lat' dir='ltr'>Miramur</span> <span class='ocrx_word' id='word_1_126' title='bbox 454 1522 607 1566; x_wconf 85' lang='lat' dir='ltr'>literas</span> <span class='ocrx_word' id='word_1_127' title='bbox 629 1522 803 1565; x_wconf 89' lang='lat' dir='ltr'>indicas</span> <span class='ocrx_word' id='word_1_128' title='bbox 827 1523 999 1565; x_wconf 90' lang='lat' dir='ltr'>tamdiu</span> <span class='ocrx_word' id='word_1_129' title='bbox 1018 1523 1278 1566; x_wconf 88' lang='lat' dir='ltr'>desiderari.</span> <span class='ocrx_word' id='word_1_130' title='bbox 1301 1522 1520 1578; x_wconf 87' lang='lat' dir='ltr'>Dialogos</span> <span class='ocrx_word' id='word_1_131' title='bbox 1538 1521 1672 1565; x_wconf 85' lang='lat' dir='ltr'>etiam</span> <span class='ocrx_word' id='word_1_132' title='bbox 1693 1524 1745 1564; x_wconf 87' lang='grc' dir='ltr'>Ρ.</span> <span class='ocrx_word' id='word_1_133' title='bbox 1767 1523 1850 1565; x_wconf 87' lang='lat' dir='ltr'>Na-</span> 
     </span>
     <span class='ocr_line' id='line_1_22' title="bbox 214 1581 1862 1638; baseline 0 -15"><span class='ocrx_word' id='word_1_134' title='bbox 214 1581 314 1624; x_wconf 90' lang='lat' dir='ltr'>talis</span> <span class='ocrx_word' id='word_1_135' title='bbox 338 1596 428 1624; x_wconf 90' lang='lat' dir='ltr'>non</span> <span class='ocrx_word' id='word_1_136' title='bbox 452 1581 585 1637; x_wconf 90' lang='lat' dir='ltr'>pauci</span> <span class='ocrx_word' id='word_1_137' title='bbox 608 1590 829 1638; x_wconf 87' lang='lat' dir='ltr'>cuperent</span> <span class='ocrx_word' id='word_1_138' title='bbox 859 1597 1051 1626; x_wconf 83' lang='lat' dir='ltr'>excusos</span> <span class='ocrx_word' id='word_1_139' title='bbox 1082 1582 1260 1634; x_wconf 89' lang='lat' dir='ltr'>uidere,</span> <span class='ocrx_word' id='word_1_140' title='bbox 1293 1582 1411 1624; x_wconf 89' lang='lat' dir='ltr'>sicut</span> <span class='ocrx_word' id='word_1_141' title='bbox 1441 1590 1486 1625; x_wconf 88' lang='lat' dir='ltr'>et</span> <span class='ocrx_word' id='word_1_142' title='bbox 1514 1581 1862 1624; x_wconf 88' lang='lat' dir='ltr'>commentarios</span> 
     </span>
     <span class='ocr_line' id='line_1_23' title="bbox 213 1640 1861 1698; baseline -0.001 -14"><span class='ocrx_word' id='word_1_143' title='bbox 213 1642 270 1684; x_wconf 94' lang='lat' dir='ltr'>D.</span> <span class='ocrx_word' id='word_1_144' title='bbox 299 1641 558 1684; x_wconf 86' lang='lat' dir='ltr'>Emanuelis</span> <span class='ocrx_word' id='word_1_145' title='bbox 582 1641 628 1683; x_wconf 90' lang='lat' dir='ltr'>in</span> <span class='ocrx_word' id='word_1_146' title='bbox 652 1650 742 1684; x_wconf 86' lang='lat' dir='ltr'>tres</span> <span class='ocrx_word' id='word_1_147' title='bbox 765 1642 1088 1698; x_wconf 87' lang='lat' dir='ltr'>euangelistas.</span> <span class='ocrx_word' id='word_1_148' title='bbox 1117 1643 1288 1685; x_wconf 88' lang='lat' dir='ltr'>Verum</span> <span class='ocrx_word' id='word_1_149' title='bbox 1317 1641 1568 1697; x_wconf 90' lang='lat' dir='ltr'>impediunt</span> <span class='ocrx_word' id='word_1_150' title='bbox 1599 1640 1861 1696; x_wconf 88' lang='lat' dir='ltr'>occupatio-</span> 
     </span>
     <span class='ocr_line' id='line_1_24' title="bbox 214 1700 1861 1756; baseline 0 -14"><span class='ocrx_word' id='word_1_151' title='bbox 214 1716 295 1744; x_wconf 90' lang='lat' dir='ltr'>nes</span> <span class='ocrx_word' id='word_1_152' title='bbox 318 1701 431 1744; x_wconf 87' lang='lat' dir='ltr'>aliae</span> <span class='ocrx_word' id='word_1_153' title='bbox 455 1702 660 1753; x_wconf 87' lang='lat' dir='ltr'>fortasse,</span> <span class='ocrx_word' id='word_1_154' title='bbox 689 1709 738 1744; x_wconf 87' lang='lat' dir='ltr'>ut</span> <span class='ocrx_word' id='word_1_155' title='bbox 760 1702 817 1744; x_wconf 90' lang='lat' dir='ltr'>ad</span> <span class='ocrx_word' id='word_1_156' title='bbox 839 1700 953 1746; x_wconf 86' lang='lat' dir='ltr'>haec</span> <span class='ocrx_word' id='word_1_157' title='bbox 975 1701 1125 1745; x_wconf 89' lang='lat' dir='ltr'>studia</span> <span class='ocrx_word' id='word_1_158' title='bbox 1148 1716 1239 1744; x_wconf 89' lang='lat' dir='ltr'>non</span> <span class='ocrx_word' id='word_1_159' title='bbox 1263 1702 1582 1754; x_wconf 85' lang='lat' dir='ltr'>descendatur,</span> <span class='ocrx_word' id='word_1_160' title='bbox 1609 1715 1724 1756; x_wconf 88' lang='lat' dir='ltr'>quae</span> <span class='ocrx_word' id='word_1_161' title='bbox 1742 1701 1861 1743; x_wconf 86' lang='lat' dir='ltr'>mul-</span> 
     </span>
     <span class='ocr_line' id='line_1_25' title="bbox 214 1760 1861 1817; baseline 0.001 -16"><span class='ocrx_word' id='word_1_162' title='bbox 214 1767 309 1802; x_wconf 90' lang='lat' dir='ltr'>tum</span> <span class='ocrx_word' id='word_1_163' title='bbox 336 1768 486 1805; x_wconf 87' lang='lat' dir='ltr'>tamen</span> <span class='ocrx_word' id='word_1_164' title='bbox 509 1768 554 1803; x_wconf 93' lang='lat' dir='ltr'>et</span> <span class='ocrx_word' id='word_1_165' title='bbox 575 1761 690 1803; x_wconf 89' lang='lat' dir='ltr'>lucis</span> <span class='ocrx_word' id='word_1_166' title='bbox 720 1768 764 1804; x_wconf 87' lang='lat' dir='ltr'>et</span> <span class='ocrx_word' id='word_1_167' title='bbox 793 1761 1081 1804; x_wconf 88' lang='lat' dir='ltr'>authoritatis</span> <span class='ocrx_word' id='word_1_168' title='bbox 1110 1769 1155 1804; x_wconf 90' lang='lat' dir='ltr'>et</span> <span class='ocrx_word' id='word_1_169' title='bbox 1188 1761 1295 1803; x_wconf 91' lang='lat' dir='ltr'>boni</span> <span class='ocrx_word' id='word_1_170' title='bbox 1324 1760 1493 1817; x_wconf 86' lang='lat' dir='ltr'>publici</span> <span class='ocrx_word' id='word_1_171' title='bbox 1522 1761 1752 1804; x_wconf 87' lang='lat' dir='ltr'>adferrent</span> <span class='ocrx_word' id='word_1_172' title='bbox 1775 1774 1861 1802; x_wconf 92' lang='lat' dir='ltr'>no-</span> 
     </span>
     <span class='ocr_line' id='line_1_26' title="bbox 214 1820 632 1865; baseline 0.002 -3"><span class='ocrx_word' id='word_1_173' title='bbox 214 1827 333 1863; x_wconf 89' lang='lat' dir='ltr'>strae</span> <span class='ocrx_word' id='word_1_174' title='bbox 358 1820 632 1865; x_wconf 84' lang='lat' dir='ltr'>Societati...</span> 
     </span>
    </p>
   </div>
   <div class='ocr_carea' id='block_1_9' title="bbox 667 1954 1402 2072">
    <p class='ocr_par' dir='ltr' id='par_1_10' title="bbox 667 1954 1402 2072">
     <span class='ocr_line' id='line_1_27' title="bbox 757 1954 1107 2009; baseline 0.006 -15"><span class='ocrx_word' id='word_1_175' title='bbox 757 1997 760 2009; x_wconf 54' lang='lat'>.</span> <span class='ocrx_word' id='word_1_176' title='bbox 981 1954 1107 1996; x_wconf 84' lang='lat' dir='ltr'>XLV</span> 
     </span>
     <span class='ocr_line' id='line_1_28' title="bbox 667 2035 1402 2072; baseline 0 -2"><span class='ocrx_word' id='word_1_177' title='bbox 667 2035 1106 2071; x_wconf 86' lang='lat' dir='ltr'><strong>STANISLAUS</strong></span> <span class='ocrx_word' id='word_1_178' title='bbox 1146 2035 1402 2072; x_wconf 88' lang='lat' dir='ltr'>HOSIUS</span> 
     </span>
    </p>
   </div>
   <div class='ocr_carea' id='block_1_10' title="bbox 605 2107 1463 2394">
    <p class='ocr_par' dir='ltr' id='par_1_11' title="bbox 605 2107 1463 2394">
     <span class='ocr_line' id='line_1_29' title="bbox 807 2107 1264 2142; baseline -0.002 0"><span class='ocrx_word' id='word_1_179' title='bbox 807 2107 1013 2142; x_wconf 87' lang='lat' dir='ltr'>cardinalis</span> <span class='ocrx_word' id='word_1_180' title='bbox 1034 2107 1264 2142; x_wconf 83' lang='lat' dir='ltr'>varmiensis</span> 
     </span>
     <span class='ocr_line' id='line_1_30' title="bbox 755 2194 1321 2232; baseline 0.002 -10"><span class='ocrx_word' id='word_1_181' title='bbox 755 2194 895 2223; x_wconf 88' lang='lat' dir='ltr'><strong>PATRI</strong></span> <span class='ocrx_word' id='word_1_182' title='bbox 930 2194 1112 2232; x_wconf 86' lang='lat' dir='ltr'><strong>JACOBO</strong></span> <span class='ocrx_word' id='word_1_183' title='bbox 1146 2194 1321 2223; x_wconf 85' lang='lat' dir='ltr'><strong>LAINEZ</strong></span> 
     </span>
     <span class='ocr_line' id='line_1_31' title="bbox 605 2263 1463 2321; baseline 0 -15"><span class='ocrx_word' id='word_1_184' title='bbox 605 2263 922 2319; x_wconf 86' lang='lat' dir='ltr'>Heilsbergae,</span> <span class='ocrx_word' id='word_1_185' title='bbox 966 2277 1016 2306; x_wconf 79' lang='lat' dir='ltr'>Io</span> <span class='ocrx_word' id='word_1_186' title='bbox 1043 2263 1248 2321; x_wconf 88' lang='lat' dir='ltr'>Januarii</span> <span class='ocrx_word' id='word_1_187' title='bbox 1288 2264 1395 2318; x_wconf 92' lang='grc'>1565</span> <span class='ocrx_word' id='word_1_188' title='bbox 1431 2265 1463 2306; x_wconf 74' lang='lat'>⁶².</span> 
     </span>
     <span class='ocr_line' id='line_1_32' title="bbox 717 2345 1350 2394; baseline 0 -13"><span class='ocrx_word' id='word_1_189' title='bbox 717 2345 890 2394; x_wconf 71' lang='lat' dir='ltr'>Collegii</span> <span class='ocrx_word' id='word_1_190' title='bbox 908 2348 1193 2394; x_wconf 77' lang='lat' dir='ltr'>Brzmsbergcze</span> <span class='ocrx_word' id='word_1_191' title='bbox 1212 2348 1350 2382; x_wconf 70' lang='lat' dir='ltr'>initia.</span> 
     </span>
    </p>
   </div>
   <div class='ocr_carea' id='block_1_11' title="bbox 214 2416 1860 2534">
    <p class='ocr_par' dir='ltr' id='par_1_12' title="bbox 214 2416 1860 2534">
     <span class='ocr_line' id='line_1_33' title="bbox 304 2416 1860 2484; baseline -0.001 -24"><span class='ocrx_word' id='word_1_192' title='bbox 304 2419 416 2461; x_wconf 80' lang='lat' dir='ltr'>Rde.</span> <span class='ocrx_word' id='word_1_193' title='bbox 446 2420 581 2461; x_wconf 85' lang='lat' dir='ltr'>Pater</span> <span class='ocrx_word' id='word_1_194' title='bbox 604 2417 648 2460; x_wconf 92' lang='lat' dir='ltr'>in</span> <span class='ocrx_word' id='word_1_195' title='bbox 679 2418 862 2461; x_wconf 86' lang='lat' dir='ltr'>Christo</span> <span class='ocrx_word' id='word_1_196' title='bbox 896 2419 1159 2462; x_wconf 88' lang='lat' dir='ltr'>charissime</span> <span class='ocrx_word' id='word_1_197' title='bbox 1184 2428 1228 2463; x_wconf 90' lang='lat' dir='ltr'>et</span> <span class='ocrx_word' id='word_1_198' title='bbox 1257 2420 1537 2462; x_wconf 88' lang='lat' dir='ltr'>honorande.</span> <span class='ocrx_word' id='word_1_199' title='bbox 1574 2418 1660 2484; x_wconf 81' lang='lat' dir='ltr'>Egi</span> <span class='ocrx_word' id='word_1_200' title='bbox 1688 2416 1860 2474; x_wconf 87' lang='lat' dir='ltr'>gratias</span> 
     </span>
     <span class='ocr_line' id='line_1_34' title="bbox 214 2477 1860 2534; baseline -0.001 -14"><span class='ocrx_word' id='word_1_201' title='bbox 214 2485 346 2521; x_wconf 83' lang='lat' dir='ltr'>antea</span> <span class='ocrx_word' id='word_1_202' title='bbox 372 2478 512 2521; x_wconf 86' lang='lat' dir='ltr'>Rdae.</span> <span class='ocrx_word' id='word_1_203' title='bbox 542 2480 593 2521; x_wconf 87' lang='lat' dir='ltr'>P.</span> <span class='ocrx_word' id='word_1_204' title='bbox 621 2479 678 2521; x_wconf 91' lang='lat' dir='ltr'>V.</span> <span class='ocrx_word' id='word_1_205' title='bbox 706 2493 785 2534; x_wconf 88' lang='lat' dir='ltr'>pro</span> <span class='ocrx_word' id='word_1_206' title='bbox 809 2493 975 2522; x_wconf 87' lang='lat' dir='ltr'>nouem</span> <span class='ocrx_word' id='word_1_207' title='bbox 1000 2481 1031 2531; x_wconf 74' lang='lat'>³,</span> <span class='ocrx_word' id='word_1_208' title='bbox 1054 2494 1170 2533; x_wconf 88' lang='lat' dir='ltr'>quos</span> <span class='ocrx_word' id='word_1_209' title='bbox 1193 2494 1217 2522; x_wconf 91' lang='lat' dir='ltr'>e</span> <span class='ocrx_word' id='word_1_210' title='bbox 1241 2478 1471 2523; x_wconf 86' lang='lat' dir='ltr'>Societate</span> <span class='ocrx_word' id='word_1_211' title='bbox 1494 2493 1576 2521; x_wconf 85' lang='lat' dir='ltr'>sua</span> <span class='ocrx_word' id='word_1_212' title='bbox 1599 2477 1782 2521; x_wconf 86' lang='lat' dir='ltr'>miserat</span> <span class='ocrx_word' id='word_1_213' title='bbox 1804 2477 1860 2520; x_wconf 91' lang='lat' dir='ltr'>ad</span> 
     </span>
    </p>
   </div>
   <div class='ocr_carea' id='block_1_12' title="bbox 213 2631 1862 3009">
    <p class='ocr_par' dir='ltr' id='par_1_13' title="bbox 215 2631 1859 2727">
     <span class='ocr_line' id='line_1_35' title="bbox 290 2631 1859 2681; baseline 0 -15"><span class='ocrx_word' id='word_1_214' title='bbox 290 2634 299 2652; x_wconf 90' lang='lat'>¹</span> <span class='ocrx_word' id='word_1_215' title='bbox 352 2632 409 2666; x_wconf 81' lang='lat' dir='ltr'>Ex</span> <span class='ocrx_word' id='word_1_216' title='bbox 434 2633 666 2679; x_wconf 86' lang='lat' dir='ltr'>archetypo,</span> <span class='ocrx_word' id='word_1_217' title='bbox 693 2633 731 2668; x_wconf 88' lang='lat' dir='ltr'>in</span> <span class='ocrx_word' id='word_1_218' title='bbox 763 2634 897 2680; x_wconf 73' lang='lat' dir='ltr'>Epist.</span> <span class='ocrx_word' id='word_1_219' title='bbox 938 2633 1111 2680; x_wconf 72' lang='lat' dir='ltr'>canisii,</span> <span class='ocrx_word' id='word_1_220' title='bbox 1142 2634 1287 2681; x_wconf 90' lang='lat' dir='ltr'>duplici</span> <span class='ocrx_word' id='word_1_221' title='bbox 1318 2633 1508 2680; x_wconf 80' lang='lat' dir='ltr'>fol.,148</span> <span class='ocrx_word' id='word_1_222' title='bbox 1543 2634 1615 2679; x_wconf 83' lang='lat'>(51,</span> <span class='ocrx_word' id='word_1_223' title='bbox 1647 2635 1726 2677; x_wconf 86' lang='grc'>52).</span> <span class='ocrx_word' id='word_1_224' title='bbox 1759 2631 1859 2667; x_wconf 83' lang='lat' dir='ltr'>Vide</span> 
     </span>
     <span class='ocr_line' id='line_1_36' title="bbox 215 2679 1095 2727; baseline 0.003 -14"><span class='ocrx_word' id='word_1_225' title='bbox 215 2679 334 2724; x_wconf 89' lang='lat' dir='ltr'>epist.</span> <span class='ocrx_word' id='word_1_226' title='bbox 360 2687 442 2723; x_wconf 73' lang='lat'>245,</span> <span class='ocrx_word' id='word_1_227' title='bbox 464 2692 501 2714; x_wconf 92' lang='lat' dir='ltr'>n.</span> <span class='ocrx_word' id='word_1_228' title='bbox 527 2680 581 2724; x_wconf 82' lang='lat'>133</span> <span class='ocrx_word' id='word_1_229' title='bbox 603 2686 642 2715; x_wconf 90' lang='lat' dir='ltr'>et</span> <span class='ocrx_word' id='word_1_230' title='bbox 661 2681 851 2727; x_wconf 89' lang='lat' dir='ltr'>append.</span> <span class='ocrx_word' id='word_1_231' title='bbox 872 2683 965 2716; x_wconf 51' lang='lat' dir='ltr'>XVI</span> <span class='ocrx_word' id='word_1_232' title='bbox 984 2686 1095 2726; x_wconf 86' lang='lat' dir='ltr'>(a.</span> 
     </span>
    </p>

    <p class='ocr_par' dir='ltr' id='par_1_14' title="bbox 213 2725 1862 2870">
     <span class='ocr_line' id='line_1_37' title="bbox 288 2725 1858 2775; baseline 0 -15"><span class='ocrx_word' id='word_1_233' title='bbox 288 2729 301 2747; x_wconf 72' lang='lat'>“2</span> <span class='ocrx_word' id='word_1_234' title='bbox 352 2728 410 2761; x_wconf 83' lang='lat' dir='ltr'>Ex</span> <span class='ocrx_word' id='word_1_235' title='bbox 429 2729 656 2775; x_wconf 85' lang='lat' dir='ltr'>archetypo,</span> <span class='ocrx_word' id='word_1_236' title='bbox 683 2730 722 2764; x_wconf 91' lang='lat' dir='ltr'>in</span> <span class='ocrx_word' id='word_1_237' title='bbox 756 2729 854 2764; x_wconf 82' lang='lat' dir='ltr'>Cod.</span> <span class='ocrx_word' id='word_1_238' title='bbox 889 2730 948 2774; x_wconf 77' lang='lat'>38,</span> <span class='ocrx_word' id='word_1_239' title='bbox 976 2729 1120 2775; x_wconf 88' lang='lat' dir='ltr'>duplici</span> <span class='ocrx_word' id='word_1_240' title='bbox 1149 2729 1218 2764; x_wconf 82' lang='lat' dir='ltr'>fo]</span> <span class='ocrx_word' id='word_1_241' title='bbox 1232 2729 1349 2773; x_wconf 88' lang='lat'>,.103</span> <span class='ocrx_word' id='word_1_242' title='bbox 1381 2729 1481 2764; x_wconf 89' lang='lat' dir='ltr'>Vide</span> <span class='ocrx_word' id='word_1_243' title='bbox 1509 2740 1557 2774; x_wconf 86' lang='lat' dir='ltr'>ep</span> <span class='ocrx_word' id='word_1_244' title='bbox 1561 2729 1628 2763; x_wconf 89' lang='lat' dir='ltr'>ist.</span> <span class='ocrx_word' id='word_1_245' title='bbox 1653 2726 1736 2772; x_wconf 84' lang='lat'>313,</span> <span class='ocrx_word' id='word_1_246' title='bbox 1756 2739 1797 2762; x_wconf 94' lang='lat' dir='ltr'>n</span> <span class='ocrx_word' id='word_1_247' title='bbox 1823 2725 1858 2769; x_wconf 91' lang='lat'>8,</span> 
     </span>
     <span class='ocr_line' id='line_1_38' title="bbox 215 2742 1862 2822; baseline 0.001 -15"><span class='ocrx_word' id='word_1_248' title='bbox 215 2772 300 2818; x_wconf 71' lang='lat'>314,</span> <span class='ocrx_word' id='word_1_249' title='bbox 320 2786 361 2808; x_wconf 89' lang='lat' dir='ltr'>n.</span> <span class='ocrx_word' id='word_1_250' title='bbox 391 2783 421 2818; x_wconf 81' lang='lat'>13</span> <span class='ocrx_word' id='word_1_251' title='bbox 443 2774 525 2820; x_wconf 80' lang='lat'>341;</span> <span class='ocrx_word' id='word_1_252' title='bbox 548 2782 586 2810; x_wconf 92' lang='lat' dir='ltr'>et</span> <span class='ocrx_word' id='word_1_253' title='bbox 605 2776 796 2822; x_wconf 53' lang='lat' dir='ltr'>append„</span> <span class='ocrx_word' id='word_1_254' title='bbox 817 2777 918 2811; x_wconf 86' lang='lat' dir='ltr'>XLI.</span> <span class='ocrx_word' id='word_1_255' title='bbox 941 2742 1054 2812; x_wconf 83' lang='lat' dir='ltr'>Item</span> <span class='ocrx_word' id='word_1_256' title='bbox 1060 2777 1112 2812; x_wconf 87' lang='lat' dir='ltr'>cf.</span> <span class='ocrx_word' id='word_1_257' title='bbox 1139 2777 1658 2821; x_wconf 70' lang='lat' dir='ltr'>ROSTOWSffl-MARTINOV,</span> <span class='ocrx_word' id='word_1_258' title='bbox 1677 2774 1862 2810; x_wconf 81' lang='lat' dir='ltr'>Litnani-</span> 
     </span>
     <span class='ocr_line' id='line_1_39' title="bbox 213 2823 1399 2870; baseline 0.002 -14"><span class='ocrx_word' id='word_1_259' title='bbox 213 2833 355 2856; x_wconf 79' lang='lat' dir='ltr'>carum</span> <span class='ocrx_word' id='word_1_260' title='bbox 379 2823 694 2870; x_wconf 72' lang='lat' dir='ltr'>Societatis]esu</span> <span class='ocrx_word' id='word_1_261' title='bbox 713 2825 981 2860; x_wconf 80' lang='lat' dir='ltr'>historiarum</span> <span class='ocrx_word' id='word_1_262' title='bbox 1001 2826 1097 2860; x_wconf 77' lang='lat' dir='ltr'>libri</span> <span class='ocrx_word' id='word_1_263' title='bbox 1115 2826 1261 2870; x_wconf 81' lang='lat' dir='ltr'>decem,</span> <span class='ocrx_word' id='word_1_264' title='bbox 1284 2833 1339 2868; x_wconf 87' lang='lat'>11,</span> <span class='ocrx_word' id='word_1_265' title='bbox 1360 2834 1399 2859; x_wconf 90' lang='grc'>2.</span> 
     </span>
    </p>

    <p class='ocr_par' dir='ltr' id='par_1_15' title="bbox 216 2852 1861 3009">
     <span class='ocr_line' id='line_1_40' title="bbox 289 2852 1857 2914; baseline -0.001 -10"><span class='ocrx_word' id='word_1_266' title='bbox 289 2870 302 2888; x_wconf 72' lang='lat'><strong>³</strong></span> <span class='ocrx_word' id='word_1_267' title='bbox 353 2870 591 2914; x_wconf 85' lang='lat' dir='ltr'>Rostowski,</span> <span class='ocrx_word' id='word_1_268' title='bbox 618 2873 689 2906; x_wconf 90' lang='lat' dir='ltr'>loc.</span> <span class='ocrx_word' id='word_1_269' title='bbox 717 2872 783 2907; x_wconf 85' lang='lat' dir='ltr'>cit.</span> <span class='ocrx_word' id='word_1_270' title='bbox 827 2872 903 2907; x_wconf 90' lang='lat' dir='ltr'>duo</span> <span class='ocrx_word' id='word_1_271' title='bbox 928 2877 1079 2907; x_wconf 88' lang='lat' dir='ltr'>tantum</span> <span class='ocrx_word' id='word_1_272' title='bbox 1106 2884 1153 2907; x_wconf 84' lang='lat' dir='ltr'>ex</span> <span class='ocrx_word' id='word_1_273' title='bbox 1184 2873 1244 2907; x_wconf 91' lang='lat' dir='ltr'>his</span> <span class='ocrx_word' id='word_1_274' title='bbox 1276 2852 1419 2907; x_wconf 79' lang='lat' dir='ltr'>no’vem</span> <span class='ocrx_word' id='word_1_275' title='bbox 1453 2870 1568 2906; x_wconf 91' lang='lat' dir='ltr'>sociis</span> <span class='ocrx_word' id='word_1_276' title='bbox 1599 2869 1786 2912; x_wconf 90' lang='lat' dir='ltr'>nominat,</span> <span class='ocrx_word' id='word_1_277' title='bbox 1802 2880 1857 2903; x_wconf 89' lang='lat' dir='ltr'>sc.</span> 
     </span>
     <span class='ocr_line' id='line_1_41' title="bbox 216 2900 1861 3009; baseline 0.001 -59"><span class='ocrx_word' id='word_1_278' title='bbox 216 2915 539 3009; x_wconf 51' lang='grc' dir='ltr'>ΟΙΠῙΞἮῖὴῗτυῐη</span> <span class='ocrx_word' id='word_1_279' title='bbox 571 2900 824 2955; x_wconf 61' lang='lat' dir='ltr'>S&#39;trobellium</span> <span class='ocrx_word' id='word_1_280' title='bbox 855 2925 895 2954; x_wconf 87' lang='lat' dir='ltr'>et</span> <span class='ocrx_word' id='word_1_281' title='bbox 926 2920 1085 2955; x_wconf 89' lang='lat' dir='ltr'>Petrum</span> <span class='ocrx_word' id='word_1_282' title='bbox 1122 2921 1245 2955; x_wconf 79' lang='lat' dir='ltr'>Phae.</span> <span class='ocrx_word' id='word_1_283' title='bbox 1288 2919 1432 2954; x_wconf 89' lang='lat' dir='ltr'>Prioris</span> <span class='ocrx_word' id='word_1_284' title='bbox 1469 2929 1633 2953; x_wconf 80' lang='lat' dir='ltr'>examen</span> <span class='ocrx_word' id='word_1_285' title='bbox 1664 2918 1785 2952; x_wconf 88' lang='lat' dir='ltr'>habes</span> <span class='ocrx_word' id='word_1_286' title='bbox 1821 2916 1861 2951; x_wconf 90' lang='lat' dir='ltr'>in</span> 
     </span>
     <span class='ocr_line' id='line_1_42' title="bbox 221 2974 347 3009; baseline 0 -11"><span class='ocrx_word' id='word_1_287' title='bbox 221 2974 347 3009; x_wconf 83' lang='lat' dir='ltr'>appen</span> 
     </span>
    </p>
   </div>
  </div>
 </body>
</html>
