1958 3210
266 156 336 196 620
887 156 1024 198 EpisT.
1053 156 1082 197 P
1092 189 1101 198 .
1133 157 1283 200 NADAL

269 271 317 305 ut
340 262 457 305 illius
489 260 658 318 accipe,
684 269 729 306 et
757 269 862 307 tuae
889 263 1217 308 benedictionis
1245 266 1486 323 participes
1514 281 1597 311 nos
1629 267 1790 313 redde,
1820 268 1902 313 Est

268 323 313 364 in
335 324 419 365 hac
442 323 574 365 domo
596 323 849 366 louaniensi
872 324 1030 367 doctor
1052 324 1250 380 quidam,
1275 326 1513 371 Societatis
1538 328 1787 384 professus,
1815 329 1900 373 Ni-

268 382 420 424 colaus
443 382 695 425 Gaudanus
717 382 914 436 nomine,
941 383 1017 438 qui
1040 383 1124 426 sibi
1147 399 1281 428 Vnam
1310 385 1554 443 imaginem
1581 403 1606 431 a
1629 389 1729 431 Tua
1752 390 1900 432 Reve-

268 442 406 483 renda
437 441 716 486 Paternitate
743 442 859 485 mitti
887 450 966 485 tuo
988 443 1250 500 insignitam
1273 446 1454 489 nomine
1484 454 1615 503 rogat
1644 462 1779 503 quam
1801 464 1899 492 ma-

266 500 384 544 xime
407 508 571 556 potest.
599 502 804 546 Obsecro
831 517 987 546 eorum
1015 510 1199 548 sanctae
1226 505 1447 549 voluntati
1475 521 1555 562 per
1583 508 1728 550 Tuam
1751 509 1899 551 Reve-

266 561 451 604 rendam
472 561 1018 618 Paternitatems'satisfiat,
1044 577 1134 606 non
1151 564 1311 620 grandi
1335 565 1597 621 interposita
1619 582 1757 610 mora.
1779 569 1894 624 Ego,

266 620 342 675 qui
365 622 446 663 has
469 620 633 674 scribo,
655 623 781 666 Tuae
800 622 1091 666 Paternitatis
1112 624 1322 679 precibus
1340 640 1412 669 me
1429 640 1484 668 ex
1502 625 1651 677 animo
1668 641 1894 672 commen—

264 681 336 722 do.
364 681 532 724 Nostro
555 696 611 725 ex
632 681 813 729 nomine
835 685 989 726 Marco
1012 689 1090 725 tuo
1113 684 1303 727 salutern
1321 683 1566 742 impartire,
1588 688 1724 729 Pater
1743 688 1900 730 admo—

265 740 373 782 dum
398 741 677 784 Reverende.
712 743 858 786 Datae
887 742 1093 794 Louanii,
1133 744 1181 785 18
1212 743 1381 800 Aprilis
1419 746 1543 800 1563.
1578 747 1632 789 T.
1669 748 1723 789 R.
1752 749 1804 790 P.
1831 746 1902 789 in-

267 798 438 856 dignus
468 799 590 844 filius
618 808 661 845 et
685 816 846 846 seruus
869 801 914 844 in
942 802 1027 845 X.0
1055 802 1176 845 dulci
1200 805 1327 860 Jesu,

895 864 1091 906 PETRUS
1125 863 1426 907 CHRISTINUS
1459 879 1522 907 DE
1544 865 1716 908 NIZZA.

351 920 392 963 A
415 923 561 978 tergo:
582 920 612 978 †
634 922 895 965 Admodum
919 921 1028 964 R.d0
1051 921 1095 964 in
1114 924 1199 965 X.O
1216 924 1327 980 Jesu
1346 923 1486 976 Patri,
1510 924 1634 967 Patri
1654 926 1688 967 F
1692 924 1901 968 rancisco

264 979 478 1036 Borgiae,
505 981 811 1024 commissario
834 981 1034 1038 generali
1057 981 1296 1026 Societatis
1313 985 1440 1040 Jesu,
1461 983 1507 1025 in
1531 984 1671 1027 Italia.
1704 986 1895 1029 Romae.

262 1040 368 1082 Alia
391 1055 549 1083 manu:
578 1042 703 1096 1563.
730 1041 950 1085 Louanio.
978 1041 1131 1085 Pietro
1154 1043 1210 1086 de
1234 1042 1388 1086 Nizza:
1415 1043 1460 1085 di
1489 1044 1538 1086 18
1562 1044 1737 1100 Aprile.

991 1191 1098 1235 XIV
1131 1192 1171 1249 (a

630 1292 686 1328 P.
727 1291 1041 1339 JOANNES
1081 1294 1161 1328 DE
1200 1292 1529 1331 PoLANco

798 1397 955 1427 BEATO
990 1397 1145 1427 PETRO
1179 1397 1372 1427 CANISIO

695 1472 916 1526 Tridenti,
964 1485 1019 1516 20
1061 1473 1232 1530 Aprilis
1280 1474 1388 1528 1563
1437 1474 1465 1517 ¹.

721 1563 782 1598 De
801 1563 1035 1598 catechismo
1055 1563 1105 1598 Β.
1126 1562 1243 1597 Petri
1264 1561 1435 1597 canisii.

428 1640 561 1685 Circa
583 1641 625 1683 la
648 1639 948 1697 ricognitione
966 1641 1037 1683 del
1060 1639 1334 1684 catechismo
1352 1639 1389 1683 si
1406 1640 1496 1696 puo
1516 1640 1582 1683 far
1599 1639 1644 1682 di
1662 1640 1704 1682 la
1726 1639 1796 1683 cio
1814 1641 1898 1684 che

261 1702 484 1745 conuiene
506 1715 641 1744 senza
663 1701 895 1746 mandarlo
913 1703 938 1744 a
960 1702 1017 1744 N.
1041 1702 1113 1753 P„
1135 1700 1345 1744 massime
1363 1701 1559 1744 tenendo
1577 1700 1694 1744 nella
1712 1700 1899 1756 prouin-

258 1761 327 1804 cia
348 1761 378 1803 il
403 1764 452 1804 P.
478 1764 588 1805 M.r0
616 1762 793 1814 Natale,
819 1760 890 1804 col
923 1761 1055 1816 quale
1085 1760 1122 1803 si
1149 1761 1371 1816 potrebbe
1400 1759 1624 1804 conferire
1654 1767 1699 1803 et
1732 1760 1899 1816 ispedir

261 1822 303 1864 la
327 1835 446 1864 cosa.

991 1952 1098 1996 XIV
1133 1952 1175 2008 (b

786 2041 1015 2077 NATALIS
1043 2039 1366 2078 INSTRUCTIO

582 2128 672 2158 PRO
706 2118 1061 2158 SUPERIORIBUS‘
1094 2127 1377 2157 socrETA‘ris
1410 2127 1528 2167 Jsssu
1560 2115 1574 2135 ‘·'

261 2200 312 2236 Ul
330 2211 392 2244 ea,
411 2210 511 2245 quae
531 2210 661 2234 mense
681 2198 818 2245 Aprili
833 2197 925 2242 [563
943 2197 1102 2243 scripsit
1122 2195 1284 2231 Natalis
1303 2197 1424 2232 Patri
1449 2197 1764 2242 Valderrabano,
1785 2198 1897 2233 illius

326 2248 566 2294 respondens
589 2245 909 2294 difficultatibus,
934 2246 1078 2280 melius
1109 2244 1412 2291 intelligantur,
1433 2245 1557 2290 juvat
1581 2246 1624 2280 in
1655 2246 1895 2281 memoriam

255 2336 258 2338 ,
324 2307 511 2331 revocare
528 2306 692 2340 sequens
710 2295 836 2341 ipsius
853 2293 1067 2334 monitum,
1088 2292 1192 2338 quod
1207 2291 1448 2338 frequenter
1472 2294 1745 2340 superioribus
1768 2294 1894 2328 incul-

325 2355 418 2379 care
435 2342 596 2378 solebat:

344 2421 610 2477 Superiores
634 2419 714 2463 toti
742 2419 1006 2462 incumbant
1036 2418 1377 2475 gubernationi,
1404 2434 1553 2475 neque
1581 2418 1787 2462 diuidant
1809 2433 1892 2462 cu—

254 2497 349 2525 ram
373 2496 500 2524 suam
524 2488 568 2523 et
592 2495 792 2536 operam,
819 2479 967 2534 quoad
989 2478 1086 2521 eius
1103 2478 1199 2521 fieri
1218 2479 1399 2535 poterit.
1429 2479 1548 2523 Satis
1571 2480 1712 2521 multa
1730 2486 1886 2535 agent,
1956 2474 1958 2490 ¹

255 2542 289 2584 si
314 2543 478 2584 bonam
502 2548 761 2595 rectamque
784 2538 1004 2581 rationem
1028 2539 1216 2582 reddent
1239 2538 1373 2581 officii
1396 2538 1464 2581 sui
1488 2540 1586 2582 Deo
1619 2546 1664 2581 et
1687 2539 1891 2582 Societa-

256 2602 307 2644 ti.
341 2603 458 2646 Sunt
483 2608 573 2643 tam
605 2601 773 2642 multae
802 2605 950 2655 partes
979 2598 1024 2639 in
1054 2613 1210 2641 eorum
1239 2598 1413 2652 offitiis,
1446 2612 1558 2653 quas
1587 2597 1624 2640 si
1657 2598 1823 2648 sciant,
1851 2597 1889 2640 si

255 2661 342 2704 illis
364 2660 616 2704 afficiantur
639 2658 895 2710 efficaciter,
917 2657 953 2701 si
971 2673 1051 2713 pro
1069 2658 1291 2714 dignitate
1309 2657 1406 2700 illas
1428 2664 1590 2714 gerant
1608 2657 1654 2699 in
1672 2657 1888 2710 Domino,

254 2721 364 2764 nihil
387 2720 444 2763 sit
468 2721 671 2763 futurum
695 2717 910 2775 temporis
933 2717 1117 2771 residui,
1145 2718 1266 2773 quod
1288 2717 1385 2760 aliis
1407 2716 1782 2774 occupationibus
1804 2716 1891 2760 im-

326 2831 335 2850 ¹
387 2829 444 2863 Ex
463 2828 652 2873 Regesto,
675 2826 757 2862 Cod
777 2836 820 2872 33
839 2825 892 2872 c),
916 2824 982 2860 fol.
1005 2824 1085 2860 286.
1107 2824 1207 2860 Vide
1226 2824 1417 2871 append.‚
1438 2825 1511 2859 XV
1532 2825 1585 2870 (b3
1614 2829 1654 2859 et
1672 2823 1785 2871 epist.
1806 2823 1890 2871 336,
1957 2799 1958 2824 ἦ

259 2889 297 2911 η’
320 2885 355 2945 ξ
386 2925 443 2959 Ex
467 2922 561 2959 Cod.
580 2930 617 2968 7,
643 2922 709 2957 fol.
734 2929 775 2956 12
794 2933 825 2966 r,
845 2920 926 2966 ubi,
946 2920 1046 2956 inter
1071 2919 1166 2955 alias
1190 2919 1467 2955 instructiones
1492 2919 1794 2967 provincialibus
1814 2925 1887 2956 tra-

250 2971 366 3018 ditas,
386 2973 481 3007 haec
499 2971 708 3019 reperitur.
733 2969 833 3004 Vide
852 2980 981 3015 supra,
1010 2967 1130 3014 epist.
1155 2967 1237 3013 266,
1259 2980 1297 3002 11.
1321 2976 1351 3003 1.
