1958 3210
370 619 376 628 ·
405 603 670 647 SECUNDI
703 604 1045 649 VOLUMINIS
1079 606 1434 664 CONCLUSIO

190 772 322 822 Cum,
343 770 436 825 jam
459 770 675 825 evulgato
700 770 841 825 primo
864 771 1000 826 hujus
1019 771 1126 813 tomi
1145 772 1377 825 fasciculo,
1397 774 1613 820 nonnulla
1633 788 1729 816 mo-

98 861 315 898 numenta
336 855 506 897 Rornae
535 852 856 906 invenerimus,
883 853 1046 908 quibus
1069 855 1242 907 Natalis
1266 863 1394 912 gesta
1416 856 1459 898 in
1484 855 1728 900 Germania

98 937 183 979 sub
209 939 259 979 P.
286 935 452 979 Lainez
475 934 652 991 plenius
675 935 887 978 illustrari
910 936 1154 992 potuerint;
1181 952 1271 980 non
1295 939 1374 981 abs
1393 954 1440 982 re
1457 938 1568 990 fore,
1594 938 1728 994 quin-

96 1018 233 1061 immo
256 1034 348 1062 rem
371 1026 548 1074 gratam
577 1017 871 1074 scriptoribus
893 1018 1105 1062 historiae
1126 1020 1421 1075 praestituros
1442 1021 1669 1073 duximus,
1690 1020 1727 1064 si

98 1116 257 1157 pauca,
283 1103 338 1145 ad
367 1102 550 1144 modum
580 1101 804 1144 coronidis
832 1102 968 1157 hujus
998 1103 1255 1155 voluminis,
1287 1104 1359 1146 hic
1388 1111 1723 1156 annotaremus,

95 1185 276 1240 quibus,
301 1185 529 1241 praedicta
557 1194 851 1229 monumenta
879 1185 1025 1241 digito
1054 1187 1386 1241 quodammodo
1415 1187 1571 1230 lectori
1600 1202 1725 1229 com-

95 1275 410 1319 monstrantes,
436 1267 510 1310 illa
532 1267 716 1311 minime
738 1267 855 1310 inter
883 1268 1172 1324 epistolarum
1201 1269 1536 1314 multitudinem
1565 1269 1723 1313 delite—

93 1364 218 1394 scere
240 1357 512 1406 pateremur,
539 1351 618 1393 sed
634 1351 759 1406 justo
782 1351 925 1406 pretio
948 1366 1054 1407 prae
1077 1352 1174 1395 aliis
1195 1367 1285 1395 non
1310 1353 1466 1408 paucis
1498 1352 1723 1396 aestimari

92 1446 364 1477 curaremus.
383 1433 610 1489 Quoniam
627 1441 778 1476 autem
797 1434 953 1477 intima
970 1436 1191 1479 connexio
1208 1435 1325 1480 inter
1342 1436 1524 1491 scripta,
1546 1437 1603 1479 de
1621 1435 1721 1490 qui-

92 1517 176 1558 bus
198 1516 438 1560 dicendum
466 1516 598 1559 nobis
625 1525 710 1570 est,
736 1525 780 1560 et
809 1518 960 1573 plures
987 1518 1095 1562 alias
1124 1520 1260 1574 hujus
1288 1518 1529 1561 voluminis
1550 1518 1722 1562 litteras

92 1599 344 1652 intercedit,
384 1601 440 1643 de
468 1599 553 1642 illis
582 1599 714 1644 etiam
745 1600 893 1656 aliqua
917 1593 1279 1646 'animadvertere
1310 1601 1504 1657 juvabit,
1538 1616 1653 1656 quae
1675 1601 1719 1644 in

91 1682 334 1738 prooemio,
361 1683 466 1738 quia
486 1685 599 1727 haec
621 1698 737 1727 nova
759 1685 1031 1729 documenta
1054 1685 1210 1741 ignota
1232 1685 1361 1728 nobis
1383 1692 1526 1737 erant,
1553 1684 1720 1740 primo—

92 1766 214 1810 ribus
238 1774 412 1810 tantum
434 1767 572 1810 labris
595 1768 819 1824 attingere
841 1768 1090 1824 potuimus.

178 1850 329 1893 Primo
352 1850 491 1907 igitur
508 1866 576 1903 ea,
603 1866 719 1907 quae
737 1851 781 1893 in
800 1851 1077 1907 praefatione
1094 1859 1264 1904 nostra,
1286 1852 1451 1908 pagina
1470 1867 1515 1903 x,
1536 1852 1592 1895 de
1610 1866 1718 1907 apo-

86 1933 242 1976 stolico
286 1933 445 1977 nuntio
492 1934 711 1977 Zacharia
759 1935 940 1977 Dolfino
983 1934 1178 1978 diximus
1194 1969 1203 1987 ,
1253 1936 1505 1991 «praeclare
1548 1934 1719 1978 scilicet

85 2017 208 2058 illurn
230 2032 310 2072 pro
333 2017 502 2060 tuenda
524 2025 707 2062 sanctae
736 2018 856 2062 sedis
878 2018 1145 2062 auctoritate
1168 2019 1444 2069 decertasse,
1480 2018 1717 2073 Patrisque

84 2100 256 2143 Natalis
273 2115 408 2156 opera
431 2115 562 2144 usum
587 2101 743 2155 fuisse,
773 2109 820 2145 ut
838 2101 991 2144 solidis
1014 2101 1296 2158 argumentis
1318 2116 1543 2144 summum
1567 2100 1717 2157 ponti—

44 2172 47 2174 *
83 2184 213 2226 ficem
237 2183 502 2228 universalis
525 2184 742 2228 ecclesiae
764 2192 990 2240 pastorem
1013 2199 1127 2236 esse,
1149 2199 1229 2240 pro
1246 2198 1566 2240 germanorum
1584 2184 1716 2226 dissi-

84 2266 286 2310 dentium
324 2267 634 2311 confutatione
670 2267 1012 2321 evinceretur»,
1044 2267 1240 2310 dilucide
1268 2268 1531 2309 confirmata
1562 2266 1715 2310 videre

84 2349 245 2404 poterit
266 2349 506 2394 historicae
527 2350 729 2394 veritatis
756 2350 987 2394 studiosus
1009 2350 1055 2393 in
1078 2350 1293 2406 epistolis,
1320 2364 1432 2405 quas
1455 2349 1499 2392 in
1524 2357 1714 2392 annota—

83 2430 279 2474 tionibus
301 2431 357 2473 ad
379 2431 570 2488 paginas
589 2434 673 2475 218
697 2439 742 2476 et
765 2445 867 2489 219,
889 2448 944 2476 ex
966 2432 1222 2488 archetypis
1245 2432 1290 2474 in
1314 2431 1545 2474 tabulariis
1568 2447 1712 2476 reser-

80 2513 196 2556 vatis
220 2514 450 2557 Vaticanis
474 2515 757 2559 exstantibus
780 2531 924 2572 nuper
946 2517 1249 2571 depromptas,
1274 2515 1512 2558 edidimus.

168 2598 328 2652 Neque
350 2598 584 2641 dumtaxat
607 2613 675 2651 ea,
702 2613 818 2654 quae
846 2599 892 2641 in
914 2599 1143 2655 prooemio
1166 2600 1250 2641 hac
1273 2600 1329 2642 de
1351 2614 1399 2642 re
1422 2598 1666 2654 praelibata
1688 2614 1714 2642 a

78 2679 207 2722 nobis
231 2681 423 2732 fuerant,
449 2680 573 2723 hisce
595 2681 756 2725 litteris
779 2682 1120 2733 confirmantur,
1142 2682 1222 2725 sed
1238 2681 1323 2724 alia
1339 2680 1538 2737 insuper,
1560 2688 1604 2725 et
1622 2683 1711 2726 So—

75 2762 243 2814 cietati,
276 2770 320 2806 et
351 2763 473 2806 Patri
504 2764 650 2807 Nadal
678 2764 1009 2819 perhonorifica
1038 2765 1311 2808 revelantur.
1345 2765 1401 2806 Et
1430 2764 1575 2820 primo
1608 2764 1708 2820 qui-

75 2845 178 2888 dem
201 2844 296 2901 ipse
318 2845 521 2894 nuntius,
548 2847 604 2889 ad
627 2846 803 2889 concilii
827 2846 1057 2904 tridentini
1080 2846 1307 2902 praesides
1325 2846 1527 2891 scribens
1543 2848 1599 2890 de
1621 2847 1709 2890 dif-

77 2927 355 2971 ficultatibus
378 2929 434 2971 ab
457 2928 554 2984 ipso
575 2929 843 2985 superandis
865 2944 946 2986 pro
967 2929 1085 2973 felici
1114 2929 1238 2973 exitu
1259 2936 1512 2973 conventus
1535 2930 1709 2974 theolo-
