1958 3210
839 189 926 234 1558
1648 199 1693 234 59

75 294 323 345 Bobadilla,
349 292 459 334 nihil
480 292 526 334 in
550 291 778 343 Pontium,
803 289 914 332 nihil
935 289 982 332 in
1005 289 1114 332 alios
1142 290 1300 333 statuit
1328 291 1538 346 grauius,
1565 291 1693 346 quasi

74 371 222 415 omnia
256 369 392 413 vellet
427 367 710 424 benignitate
732 366 881 423 potius
910 374 955 410 et
983 367 1200 410 charitate
1249 367 1445 419 tractari,
1486 374 1530 411 et
1573 368 1693 410 bono

76 447 221 504 magis
243 461 377 502 quam
400 445 517 488 malo
540 443 644 487 duci
667 450 925 486 nostrorum
948 443 1120 486 animos
1146 445 1175 485 ¹.

165 525 318 579 Quum
340 520 501 566 seditio
517 522 628 564 haec
646 522 838 564 ferueret
856 520 1032 572 acriter,
1053 535 1107 564 ex
1130 519 1193 563 rei
1221 519 1491 576 indignitate
1512 536 1694 577 permo—

76 608 149 643 tus
173 601 224 642 P.
251 597 425 641 Natalis
446 597 656 639 inuectus
678 597 722 638 in
747 596 1025 639 Bobadillam
1048 603 1093 640 et
1122 596 1464 652 subscriptores:
1501 598 1590 652 «Si,
1624 598 1695 640 in-

75 676 187 733 quit,
207 674 402 718 vicarius
418 689 510 716 non
531 680 600 718 est
623 675 675 716 P.
702 675 895 728 LayneS,
917 687 1003 728 ego
1027 687 1143 726 sum,
1163 679 1209 715 et
1226 675 1372 717 habeo
1400 674 1406 731 Ι
1434 675 1694 730 obsignatas

77 759 281 810 patentes
303 766 329 794 a
352 753 404 794 P.
431 750 622 807 Ignatio.
649 750 759 794 Sine
781 751 939 792 horum
965 749 1139 805 (inquit)
1169 749 1316 805 capita
1343 750 1451 792 mihi
1478 765 1694 794 exercen-

75 831 132 873 da
169 829 215 885 (Ρ)
254 829 285 871 ²:
327 842 415 884 ego
451 827 551 869 illos
589 841 642 870 eo
680 825 882 882 redigam
920 833 968 868 vt
1007 832 1050 869 te
1087 825 1344 869 auidissime
1380 834 1535 882 petant
1577 828 1695 870 vica-

74 906 193 949 rium
217 907 259 944 5»
284 904 358 947 hic
380 904 443 961 (?),
469 918 608 958 quum
632 903 784 945 nullus
805 904 993 945 verbum
1017 902 1276 954 addidisset,
1297 903 1446 945 statim
1465 904 1612 946 soluta
1628 912 1697 948 est

75 981 388 1038 congregatio.

166 1058 464 1101 Habebantur
479 1055 875 1112 congregationes,
895 1057 975 1099 sed
992 1055 1282 1098 obseruatum
1299 1063 1368 1099 est
1385 1057 1583 1100 obfuisse
1602 1058 1698 1101 illas

79 1150 170 1178 non
190 1134 490 1178 mediocriter.
518 1135 582 1175 Eo
605 1140 805 1188 tempore
829 1131 913 1173 fuit
935 1132 1173 1174 inchoatus
1195 1131 1241 1174 in
1263 1133 1454 1189 collegio
1477 1133 1550 1178 ille
1571 1149 1695 1187 Vsus,

79 1210 155 1267 qui
176 1218 332 1267 postea
353 1209 548 1252 obtinuit
570 1209 614 1251 in
632 1208 875 1261 Societate,
896 1216 944 1250 vt
961 1208 1007 1250 in
1023 1208 1270 1251 vacationis
1287 1207 1520 1269 [tempore]
1537 1211 1697 1255 fierent

76 1287 408 1333 exerlovcitia
429 1294 474 1329 et
495 1286 594 1338 alia,
621 1285 1003 1337 mortificationes,
1029 1292 1116 1327 etc.

129 1420 131 1422 q
166 1367 257 1408 Iam
279 1365 454 1407 firmata
476 1378 584 1419 pace
607 1363 723 1405 inter
746 1361 1001 1418 Philippum
1030 1369 1076 1405 et
1105 1363 1313 1414 Paulum,
1346 1363 1463 1406 serio
1490 1366 1700 1408 euocauit

79 1445 237 1485 Patres
257 1441 452 1484 vicarius
473 1441 529 1484 ad
546 1438 947 1495 congregationem
970 1440 1245 1494 generalem,
1266 1446 1314 1481 vt
1331 1441 1625 1484 conuenirent
1643 1443 1699 1485 ad

79 1518 347 1576 principium
392 1518 485 1573 unij
511 1516 699 1572 proximi
721 1515 826 1559 anni
856 1517 980 1570 1558.

169 1595 466 1652 Migrauimus
487 1610 543 1638 ex
564 1595 698 1637 domo
720 1593 794 1636 illa
810 1594 1061 1650 propinqua
1078 1593 1310 1638 Mineruae
1327 1596 1383 1638 ad
1399 1597 1580 1639 domum
1599 1598 1701 1641 Sal-

83 1672 192 1715 uiati
214 1672 270 1715 ad
293 1672 485 1728 plateam
507 1670 628 1714 vlmi.
660 1670 919 1714 Detulimus
948 1685 1031 1713 nos
1058 1685 1237 1714 omnem
1265 1673 1617 1727 suppellectilem
1645 1675 1702 1717 ad

84 1764 248 1792 nouam
270 1749 471 1801 domurn,
495 1748 621 1791 nullo
648 1748 717 1790 vsi
739 1748 888 1790 baiulo
910 1747 1218 1791 mercennario
1250 1748 1282 1791 4:
1304 1756 1543 1804 antequam
1572 1766 1628 1795 ex
1649 1766 1702 1795 ea

84 1826 217 1869 domo
239 1825 549 1882 migraremus,
576 1825 660 1867 fuit
681 1824 917 1866 immodica
943 1824 1019 1866 illa
1039 1823 1291 1868 inundatio:
1322 1825 1328 1883 Ι
1356 1826 1604 1870 dimisimus
1631 1827 1698 1870 iu-⁷

86 1902 234 1946 niores
255 1909 301 1946 et
322 1901 634 1945 imbecilliores
656 1902 712 1944 ad
734 1908 911 1956 patrum
934 1902 1132 1954 domum3
1158 1916 1241 1944 nos
1269 1902 1515 1946 mansimus
1543 1905 1600 1946 ad
1627 1917 1686 1958 40

83 1986 131 2022 et
152 1986 246 2022 tota
266 1987 335 2022 est
362 1980 522 2021 domus
550 1977 650 2021 altis
678 1977 806 2032 aquis
833 1977 1124 2020 circumdata.
1157 1977 1409 2022 Timuimus
1436 1980 1701 2035 periculum,

84 2056 164 2099 sed
185 2055 296 2098 nihil
318 2061 552 2112 acceptum
574 2060 644 2099 est
665 2054 936 2098 detrimenti.

174 2211 291 2254 108
825 2215 934 2250 1558

179 2367 437 2421 Antequam
458 2365 664 2409 venirent
688 2368 862 2419 Patres,
888 2365 1093 2422 concepit
1116 2372 1161 2410 et
1183 2365 1323 2409 edidit
1348 2369 1481 2410 Pater
1512 2367 1705 2411 vicarius

99 2456 147 2487 12
170 2457 380 2495 canones,
406 2442 483 2497 qui
510 2442 856 2486 aduenientibus
884 2442 1096 2485 Patribus
1124 2443 1407 2486 traderentur
1433 2444 1706 2488 obseruandi

91 2521 147 2564 ad
168 2519 484 2576 synceritatem
506 2518 752 2562 electionis.
780 2518 842 2561 Hi
863 2532 1059 2563 canones
1088 2519 1255 2575 recepti
1284 2526 1406 2572 sunt,
1432 2527 1477 2564 et
1503 2522 1706 2577 vsurpati

90 2597 136 2640 in
157 2597 299 2654 prima
320 2603 366 2640 et
388 2607 457 2639 2.a
482 2596 850 2652 congregatione,
876 2596 1054 2639 tametsi
1075 2611 1166 2639 non
1193 2594 1498 2656 probabat[ur]
1526 2599 1579 2641 Ρ.
1611 2600 1707 2643 Na—

88 2673 168 2716 tali
194 2674 463 2730 exemplum,
486 2680 536 2715 vt
556 2679 708 2729 posset
729 2672 922 2716 vicarius
959 2673 1263 2729 praescribere
1300 2674 1589 2728 electoribus,
1622 2677 1707 2719 nisi

164 2819 174 2838 ¹
225 2815 482 2861 SACCHINUS,
497 2816 570 2850 loc.
590 2815 674 2860 cit.,
694 2827 732 2849 n.
752 2814 811 2858 89.

162 2878 175 2896 ²
226 2875 361 2911 Lectio
378 2874 509 2910 dubia.

163 2936 178 2955 ³
226 2934 315 2978 Ms.,
334 2935 526 2970 vicarius.

166 2994 180 3014 ⁴
228 2991 483 3036 SAccmNus,
504 2994 582 3028 loc.
606 2993 694 3036 cit.,
716 3006 758 3029 n.
781 3001 843 3038 91·
