1958 3210
270 205 335 241 192
812 195 954 230 EPIST.
986 195 1028 228 P.
1049 194 1317 239 NADAL-z45

269 310 324 350 24
346 298 401 339 de
438 282 706 340 Deciembre
735 296 859 350 1562.
884 297 942 339 D.
969 297 1025 339 V.
1052 296 1105 338 R.
1131 309 1287 338 meno-r
1318 294 1409 350 hijo
1435 310 1464 350 y
1487 293 1616 337 insiti]
1643 293 1790 337 sieruo
1825 306 1917 339 en

268 374 308 416 el
332 374 492 424 Sefior,

1207 472 1300 515 GIL
1323 471 1586 515 GONZALEZ
1615 472 1640 513 ¹.

355 603 598 657 Inscriptio
620 603 670 644 in
693 605 856 657 quarta
881 603 1077 659 pagina:
1105 565 1193 644 stis.
1220 601 1279 644 Al
1301 615 1409 656 muy
1426 601 1537 644 Rdo.
1559 615 1616 644 en
1633 601 1770 644 Chro.
1798 582 1913 662 Ρειᾶκχιἑ

265 679 345 722 dre
367 679 409 721 el
433 681 485 721 Ρ.
514 681 559 722 M
567 678 601 721 ,⁰
632 679 798 730 Nadal,
832 678 1089 721 comissario
1111 678 1294 734 general
1316 678 1373 722 de
1394 678 1435 720 la
1465 678 1712 733 Compafiia
1736 678 1792 721 de
1807 672 1910 735 Je—i.v

265 759 359 808 sus,
400 771 456 799 en
495 756 680 800 Trento.
722 756 830 799 Alia
862 769 1020 797 manu:
1057 755 1182 809 1562.
1222 754 1394 797 Aleala.
1432 755 1484 798 P.
1520 755 1705 811 Gilgon.
1741 767 1797 809 24
1831 751 1909 800 def

267 833 483 876 Otubre⁰
492 833 684 875 ,Manet
704 833 852 889 sigilli
872 819 1899 889 vestigium*

1019 992 1140 1032 2115

628 1083 832 1125 PATER
867 1082 1282 1126 HIERONYMUS
1315 1082 1531 1125 NADAL

905 1188 953 1211 ex
981 1176 1252 1211 commissione

759 1258 934 1296 BEATO
959 1258 1130 1296 PETRO
1155 1258 1370 1296 CANISIO

712 1351 925 1389 TRIDENTI,
951 1352 997 1387 29
1024 1350 1260 1377 DECEMBms
1288 1342 1377 1388 1562
1403 1343 1435 1378 ⁵.

263 1435 299 1461 Ι.
326 1426 385 1461 De
404 1427 574 1473 negotiis
593 1428 646 1461 ad
659 1426 893 1472 generalem
911 1425 1272 1461 scribendum.—2.
1296 1425 1453 1461 Canisii
1465 1427 1691 1461 sollicitudo
1699 1429 1777 1473 pro
1794 1426 1891 1472 Ger-.

335 1485 474 1520 mania
493 1486 702 1520 laudatur:
724 1487 845 1520 donec
867 1496 992 1520 novus
1011 1485 1278 1530 provincialis
1298 1485 1490 1532 eligatur,
1511 1487 1700 1521 Austriae
1724 1487 1888 1534 collegia

336 1546 564 1580 immediate
577 1548 653 1592 per
662 1545 892 1591 generalem
909 1547 1163 1592 regentur.—
1171 1552 1231 1589 3-7
1240 1571 1248 1578 .
1269 1545 1329 1579 De
1343 1545 1520 1592 collegiis
1534 1546 1754 1593 Augustae,
1775 1546 1892 1582 Oeni-

329 1605 464 1650 pontis
482 1608 518 1639 et
546 1605 801 1651 lngolstadii:
826 1605 871 1639 de
886 1604 1120 1650 provinciae
1134 1604 1371 1650 partitione:
1385 1605 1432 1639 de
1442 1604 1643 1651 facultate
1666 1605 1890 1642 absolvendi

334 1667 370 1699 et
392 1664 440 1698 ab
464 1665 772 1710 irregularitate
795 1664 1069 1709 dispensandi:
1087 1664 1133 1698 de
1151 1666 1300 1698 rectore
1313 1664 1543 1699 ‘viennensis
1560 1665 1778 1712 collegii.——
1790 1665 1888 1701 8-12.

336 1724 394 1758 De
412 1724 577 1770 collegio
602 1723 888 1770 Straubingae:
912 1723 1203 1769 archiepiscopo
1225 1723 1514 1770 salisburgensi
1535 1725 1728 1773 scriptum
1752 1727 1821 1760 est:
1844 1725 1890 1760 de

336 1784 542 1818 mittendis
560 1783 603 1818 in
623 1782 904 1818 Germaniam:
924 1784 970 1817 de
984 1783 1097 1818 novis
1110 1783 1288 1829 collegiis
1301 1783 1572 1818 instituendis:
1587 1785 1633 1819 de
1647 1784 1890 1819 catechismo}

334 1843 380 1877 de
395 1842 668 1887 confutatione
685 1842 897 1876 Kemnitii:
913 1843 959 1876 de
974 1842 1137 1889 dialogo
1153 1842 1292 1877 Patris
1308 1842 1565 1887 Nadal.—13.
1588 1843 1807 1890 Scriptores
1816 1846 1891 1890 prb

328 1901 517 1946 juvanda
535 1900 769 1935 ·Germania
799 1902 1052 1936 instituendi:
1082 1902 1128 1936 de
1156 1901 1302 1936 litteris
1330 1902 1600 1946 indicis—14.
1623 1903 1680 1937 De
1692 1902 1892 1949 facultate

337 1960 530 2007 ampliori
548 1960 802 2007 confessariis
824 1959 1069 1995 Germaniae
1087 1960 1316 1996 obtinenda.

1019 2045 1139 2086 Ihus.

361 2150 397 2181 Ι.
465 2139 559 2180 Pax
581 2137 686 2193 Xpi.
712 2145 797 2181 ete.
827 2139 965 2181 Molto
988 2139 1100 2181 Rdo.
1127 2137 1171 2180 in
1195 2139 1312 2194 Xpo.
1340 2139 1498 2182 Padre.
1522 2140 1596 2182 Ho
1628 2139 1831 2188 rieeuuto
1849 2139 1907 2182 la·

267 2221 424 2257 uostra
446 2215 502 2257 de
531 2227 580 2271 19
602 2215 675 2257 del
698 2221 904 2270 presente
927 2215 958 2267 ⁴,
984 2231 1010 2258 a
1031 2216 1073 2257 la
1095 2216 1226 2270 quale
1248 2216 1521 2271 respondero
1537 2217 1826 2260 breuemente
1846 2215 1890 2260 in

268 2297 428 2346 questa
456 2306 534 2347 per
558 2291 797 2344 comission
827 2292 883 2336 de
912 2299 1067 2334 nostro
1098 2292 1259 2343 Padre,
1292 2306 1316 2334 a
1344 2291 1415 2334 ehi
1438 2307 1487 2336 56
1509 2294 1597 2336 han
1620 2294 1678 2336 da
1699 2292 1891 2337 seriuere

268 2374 385 2411 tutte
407 2368 448 2410 16
465 2368 625 2412 lettere
647 2369 702 2411 de
725 2368 919 2424 negoeij,
945 2369 1119 2412 benche
1143 2368 1202 2410 mi
1220 2371 1348 2423 potr&
1365 2370 1417 2412 V.
1439 2371 1492 2412 R.
1515 2370 1711 2415 scriuere
1733 2370 1890 2413 alcuna

267 2458 373 2487 cosa
403 2444 764 2498 familiarmente,
789 2452 833 2488 et
861 2446 891 2487 l’
924 2445 1024 2488 altri
1051 2444 1096 2487 di
1125 2445 1227 2501 quei
1249 2445 1425 2501 eollegij
1456 2461 1547 2489 non
1577 2451 1676 2490 sarai
1703 2446 1892 2504 bisogno

269 2523 353 2564 che
373 2536 445 2564 me
467 2521 695 2575 seriuano,
720 2528 868 2565 stante
891 2522 933 2564 io
955 2522 1000 2565 in
1023 2523 1206 2566 Trento.
1278 2512 1279 2521 ἶ

360 2611 401 2641 2.
467 2601 503 2641 Ε
535 2613 649 2655 gran
686 2599 969 2642 consolacion
1008 2599 1097 2642 mia
1136 2601 1272 2644 ueder
1310 2607 1435 2643 tanto
1473 2600 1579 2643 uiua
1615 2599 1893 2643 solicitudine

345 2701 352 2720 ¹
406 2699 450 2734 In
469 2711 540 2734 ms.
560 2701 631 2734 hoc
650 2699 764 2734 modo
782 2704 1024 2735 contractum
1042 2700 1234 2746 reperitur
1251 2702 1323 2737 hoc
1341 2712 1496 2737 nomen:
1521 2700 1671 2748 Gilglz.

342 2762 355 2779 ‘-’
406 2758 609 2804 Mendose,
628 2770 696 2805 pro
719 2759 957 2794 Dicssembre

344 2818 357 2837 ³
408 2818 464 2852 Ex
480 2818 669 2864 Regesto,
689 2817 782 2853 Cod.
803 2821 910 2863 330¹,
926 2818 966 2853 ff.
985 2826 1064 2862 125,
1085 2819 1162 2854 126.
1182 2820 1223 2854 ln
1242 2820 1428 2866 margine:
1445 2821 1644 2867 Augusta.
1665 2820 1736 2856 P.e
1755 2819 1806 2854 D.
1824 2815 1893 2853 Ca-

272 2877 376 2911 nisio
395 2878 457 2912 del
477 2878 525 2911 Ρ.
531 2884 548 2904 e
569 2877 728 2912 Natale
749 2877 862 2912 Edita
881 2882 941 2912 est
959 2889 980 2912 a
998 2877 1041 2912 Ρ
1062 2878 1416 2925 BRAUNSBERGER,
1435 2879 1512 2914 106.
1536 2879 1602 2913 cit.
1611 2879 1705 2925 ,,ΙΙΙ
1730 2876 1811 2924 576-
1813 2862 1891 2921 581,

273 2945 322 2969 ex
343 2935 478 2970 eodem
497 2935 643 2970 codice.

345 2996 359 3015 4
409 2994 663 3029 Desideratur
681 2995 777 3030 haec
796 2994 987 3041 epistola
979 3007 1016 3030 1n
1036 2995 1266 3031 collectione
1284 2995 1682 3042 Braunsbergeriana.
