1958 3210
758 150 977 187 APPENDJX
1605 161 1671 204 051

45 249 167 304 apud
189 249 299 291 tales
322 249 496 302 fratres,
529 264 665 306 aegre
694 250 1028 295 satisfacturum
1058 268 1172 307 esse,
1198 255 1315 298 sicut
1340 256 1505 300 rectius
1536 258 1669 301 etiarn

48 310 182 351 Pater
205 307 536 351 commissarius
559 316 707 364 potest
729 309 945 364 iudicare,
971 326 1074 354 nam
1098 313 1250 357 multis
1273 315 1452 369 quidem
1471 317 1673 372 partibus

50 368 100 409 P.
126 366 404 409 Rabenstain
428 367 611 411 inferior
634 382 733 412 esse
755 369 948 412 videtur.

756 483 951 524 XXXIV

576 556 624 590 B.
656 556 857 591 PETRUS
885 557 1132 594 CANISIUS

444 635 642 663 PATRI
707 635 960 673 JAQOBO
1025 638 1270 667 LAINEZ

487 697 743 752 Augustae,
767 699 1034 754 22Januarii
1060 702 1168 753 1564
1193 703 1217 743 ¹.
1276 740 1282 746 .

391 772 450 806 De
470 772 597 806 variis
615 773 793 819 collegiis
811 776 847 807 et
862 775 1043 819 personis
1056 776 1310 820 provinciae.

129 837 231 878 Non
253 835 379 878 licuit
401 835 509 877 mihi
535 838 649 879 ultra
672 837 858 879 biduum
883 839 1144 892 Ingolstadii
1163 841 1339 884 morari.
1362 843 1466 885 Huc
1485 859 1575 886 non
1595 859 1666 887 re-

37 895 308 936 currendum
333 894 416 936 fuit
441 896 498 937 ob
522 910 687 937 munus
710 896 1023 939 concionandi:
1049 913 1180 953 spero
1203 908 1352 944 autem
1377 909 1477 956 post
1499 906 1665 958 pascha

37 953 252 1008 praestari
269 969 294 996 a
306 968 377 996 me
391 967 519 1008 posse
533 954 829 1005 commodius,
846 970 960 1009 quae
979 958 1035 998 ad
1050 957 1352 1001 visitationem
1370 961 1662 1017 collegiorum

36 1019 256 1067 spectant.
285 1014 531 1054 Excurram
556 1020 706 1056 tamen
732 1015 1017 1056 Monachium
1049 1023 1152 1058 ante
1183 1019 1588 1072 quadragesimam,
1616 1029 1665 1063 ut

36 1067 247 1126 audia[m]
274 1070 363 1113 illic
392 1085 571 1126 quoque
605 1073 779 1123 fratres,
811 1072 888 1126 qui
910 1088 1031 1116 nunc
1061 1075 1204 1117 serius
1234 1085 1339 1119 vota
1362 1081 1660 1130 renovabunt,

37 1144 139 1171 cum
158 1137 261 1174 ante
278 1144 448 1185 paucos
466 1145 644 1174 menses
662 1131 779 1174 idem
801 1132 1002 1185 fecerint,
1024 1142 1260 1187 praesente
1283 1135 1368 1178 illis
1387 1138 1520 1180 Patre
1538 1152 1657 1179 com-

36 1188 253 1231 missario.
281 1190 571 1244 Acceperunt
593 1204 714 1232 nunc
738 1190 962 1233 Monachii
990 1191 1149 1234 missos
1172 1208 1227 1235 ex
1257 1195 1480 1249 Eniponto
1505 1198 1661 1240 Patres

38 1249 90 1290 P.
124 1248 418 1291 Laurentium
448 1255 493 1290 et
522 1250 574 1290 P.
617 1249 951 1301 Theobaldum,
984 1250 1101 1292 sicut
1129 1252 1363 1294 constituit
1396 1255 1660 1298 Reverenda

40 1307 292 1350 Paternitas
317 1308 429 1349 Tua.

125 1367 290 1409 Rector
327 1364 657 1421 aenipontanus
692 1381 783 1408 non
812 1380 967 1421 parum
998 1367 1201 1422 angitur,
1243 1370 1362 1423 quod
1395 1370 1450 1412 sit
1478 1372 1661 1414 orbatus

36 1424 277 1479 praedictis
303 1424 531 1477 Patribus,
558 1432 603 1468 et
625 1425 840 1468 maiorem
865 1425 910 1466 in
934 1427 1115 1468 modurn
1139 1435 1270 1483 Vrget
1293 1429 1325 1479 ⁹³,
1352 1436 1402 1470 ut
1424 1429 1484 1471 illi
1502 1432 1657 1473 redda-

36 1489 113 1525 tur
133 1499 159 1526 a
188 1483 582 1526 monachiensibus
615 1485 665 1526 P.
699 1484 941 1535 Henricus,
975 1499 1106 1538 quem
1131 1487 1182 1527 P.
1216 1488 1386 1529 Natalis
1409 1488 1663 1544 designavit

31 1542 337 1586 coadiutorem
357 1545 409 1585 P.
429 1542 670 1595 Dominici,
691 1544 748 1585 ad
765 1542 959 1585 novitios
977 1544 1201 1587 Monachii
1220 1545 1384 1588 rectius
1402 1547 1661 1601 gubernan-

32 1602 130 1644 dos.
158 1602 279 1644 Idem
303 1609 450 1645 rector
472 1601 664 1645 subinde
693 1602 854 1657 repetit
883 1616 1035 1644 secum
1059 1602 1385 1647 incommodius
1414 1606 1487 1661 agi
1516 1607 1658 1649 Aeni-

32 1660 171 1716 ponti‚
198 1662 321 1704 velut
345 1660 449 1703 alibi
471 1661 612 1716 possit
634 1661 785 1704 sanius
808 1660 976 1712 vivere,
1003 1668 1047 1703 et
1070 1669 1138 1705 est
1165 1662 1237 1704 ille
1266 1664 1365 1718 plus
1388 1664 1494 1707 satis
1516 1666 1656 1720 pusil-

30 1719 224 1772 lanimis,
249 1720 423 1772 anxius,
449 1720 757 1772 meticulosus,
783 1719 1075 1775 suspiciosus,
1102 1722 1368 1775 querulosus
1392 1724 1424 1776 ⁵,
1450 1738 1656 1767 necessa-

30 1777 124 1821 rius
147 1786 295 1821 tamen
320 1778 365 1820 in
387 1793 440 1822 eo
463 1779 580 1831 loco,
609 1788 658 1821 ut
680 1778 788 1821 mihi
812 1778 990 1834 quidem
1010 1779 1203 1823 videtur.
1226 1781 1476 1836 Explicabit
1496 1785 1546 1825 P.
1570 1785 1656 1825 Na-

32 1837 132 1880 talis
155 1837 284 1881 facile
307 1852 421 1892 quae
443 1839 498 1880 ad
523 1838 761 1894 collegium
785 1839 871 1880 hoc
892 1837 1172 1893 pertinent...
1208 1840 1340 1894 Quod
1371 1841 1426 1882 acl
1459 1842 1657 1885 rationes

29 1910 327 1951 expensarum
351 1897 526 1949 attinet,
552 1897 663 1939 nihil
684 1912 797 1953 opus
820 1904 888 1940 est
910 1899 998 1939 huc
1022 1897 1198 1941 mittere
1219 1898 1511 1953 pecuniam...
1536 1901 1655 1944 Reli—

29 1969 163 2010 quam
187 1963 373 2011 partem,
405 1955 442 1998 si
471 1956 579 2011 quid
608 1955 737 1999 nobis
766 1957 1064 1998 exolvendum
1094 1966 1320 2012 superest,
1353 1957 1544 2002 libenter
1575 1961 1656 2001 da-

32 2029 132 2057 mus
156 2017 207 2058 P.
235 2015 383 2058 Natali
406 2015 463 2058 ad
484 2015 621 2058 libros
643 2016 913 2059 coemendos
937 2029 1120 2058 romano
1143 2016 1387 2072 collegio...

759 2146 937 2188 XXXV

389 2229 448 2263 P.
496 2227 806 2274 JOANNES
849 2228 929 2262 DE
972 2226 1292 2266 POLANCO

673 2310 722 2333 ex
740 2297 1014 2333 commissione

544 2383 687 2414 PATRI
712 2384 920 2414 N1COLAO
944 2383 1134 2413 LANOYO

431 2456 621 2505 Romae,
679 2466 729 2509 19
778 2452 1011 2496 Februarii
1059 2454 1168 2506 1564

334 2536 496 2572 Natalis
514 2539 668 2583 semper
685 2536 820 2570 alacer
839 2536 881 2570 in
904 2534 1126 2570 Germania
1137 2534 1339 2580 juvanda.

188 2610 240 2652 El
256 2611 302 2652 P.
322 2611 431 2651 Μ.Υο
453 2608 597 2651 Nadal
616 2621 750 2650 senza
767 2621 889 2650 esser
904 2606 1124 2648 solicitato
1142 2607 1166 2648 e
1186 2608 1199 2627 ⁵
1217 2606 1273 2648 da
1291 2621 1338 2650 se
1356 2613 1499 2650 stesso
1516 2621 1653 2662 pron—

1211 2454 1225 2472 4

106 2731 115 2750 ¹
167 2729 225 2763 Ex
243 2728 463 2774 apographo
479 2727 628 2762 recenti
646 2737 722 2761 non
741 2731 799 2761 sat
818 2730 1009 2767 accurato,
1029 2725 1067 2759 in
1087 2724 1214 2771 Epist.
1239 2724 1408 2765 Canisii,
1429 2725 1460 2769 Ι,
1482 2733 1562 2769 ⁷127.

99 2778 113 2798 ²
165 2776 328 2821 Apogr.‚
348 2776 469 2822 viget.

99 2824 113 2843 ⁵
164 2823 325 2869 Apogr.,
340 2822 572 2868 quarelosus
582 2849 590 2856 .

99 2872 114 2892 ⁴
162 2870 220 2951 {Ax
238 2870 425 2915 Regesto,
449 2869 547 2904 Cod.
574 2878 616 2914 33
636 2868 690 2913 e),
710 2866 783 2902 fol.
809 2875 871 2910 54.

99 2919 114 2937 ··““
205 2928 253 2962 s.‚
273 2921 327 2952 et.
