1958 3210
543 164 797 200 PROOEMIUM
824 172 1005 199 sncon
1031 171 1259 200 VOLUMINIS
1664 174 1719 199 vn

877 341 917 379 *e

194 494 244 534 Ρ.
272 491 540 534 NATALIS
564 491 908 535 EPISTOLAE
932 492 1015 533 ΑΒ
1039 492 1217 534 ΑΝΝΟ
1248 493 1356 545 1562
1382 493 1468 534 AD
1499 492 1606 546 1565

175 644 280 686 Tria
301 645 356 686 de
379 645 514 699 hujus
535 643 778 686 voluminis
799 644 1001 699 epistolis
1024 659 1104 699 pro
1133 658 1255 687 more
1285 652 1439 687 nostro
1468 645 1540 686 hic
1563 646 1715 688 decla—

86 721 240 763 randa:
274 732 381 764 Ι.ΠῃΓῙ
410 722 574 763 Earum
597 735 828 764 numerus.
864 732 975 762 2‚um
1008 722 1166 764 Genus
1196 728 1241 764 et
1271 728 1446 764 natura.
1477 733 1588 775 3‚um
1621 723 1712 765 Ar-

87 805 304 852 gumenta
326 797 371 839 in
395 798 479 840 illis
502 803 786 853 pertractata.

177 1043 212 1072 Ι.
278 1029 586 1084 Epistolarum
606 1030 1018 1071 numerus.—Post
1052 1029 1236 1070 Natalis
1260 1028 1596 1083 Eplzemerz'des,
1614 1028 1710 1084 epi—

84 1107 219 1149 stolas
248 1118 327 1159 140
349 1112 394 1148 et
416 1106 533 1148 ultra
554 1106 641 1148 hoc
662 1106 874 1150 volumen
896 1105 1228 1161 complectitur,
1254 1106 1309 1148 ab
1333 1104 1520 1148 exordio
1538 1104 1710 1149 scilicet

81 1183 307 1226 secundae
329 1183 385 1225 ad
408 1182 533 1225 initia
555 1196 700 1237 usque
723 1182 881 1226 tertiae
901 1183 1076 1226 Natalis
1094 1182 1318 1225 missionis
1336 1182 1381 1223 in
1399 1182 1705 1235 Germaniam3

76 1275 104 1302 a
125 1274 277 1303 mense
301 1259 471 1302 scilicet
487 1259 625 1316 Junio
650 1259 756 1301 anni
785 1260 893 1313 1562
917 1261 974 1302 ad
1001 1260 1138 1303 finem
1167 1259 1273 1302 anni
1309 1259 1433 1313 1565.
1468 1259 1710 1301 Accedunt

77 1336 294 1392 plurimae
317 1336 531 1393 epistolae
551 1336 624 1380 vel
652 1337 908 1391 fragmenta
935 1336 1186 1379 litterarum
1210 1335 1388 1391 aliaque
1416 1342 1710 1379 monumenta

76 1413 306 1465 historica,
332 1413 428 1456 sive
456 1413 501 1454 in
529 1412 916 1466 annotationibus,
943 1428 1023 1457 seu
1053 1412 1097 1454 in
1128 1412 1390 1469 appendice,
1417 1413 1474 1455 ad
1495 1412 1708 1468 epistolas

76 1489 247 1533 Natalis
276 1490 579 1541 illustrandas,
611 1496 656 1532 et
684 1490 740 1531 ad
776 1504 847 1532 res
876 1490 921 1531 in
960 1489 1045 1531 illis
1083 1496 1313 1532 enarratas
1342 1489 1505 1532 clarius
1535 1489 1706 1533 intelli-

78 1567 264 1622 gendas.
297 1568 430 1622 Quae
462 1567 642 1621 quidem
672 1566 837 1617 omnia,
869 1574 947 1609 aut
978 1567 1070 1609 fere
1093 1565 1257 1618 onmia,
1285 1573 1334 1608 ut
1358 1565 1466 1608 alias
1489 1565 1702 1618 diximus,

77 1658 198 1686 nunc
220 1643 411 1699 primum
435 1643 554 1699 typis
571 1644 874 1685 excuduntur.

163 1721 278 1763 Illud
300 1727 450 1763 autem
472 1722 559 1763 hoc
581 1721 684 1763 loco
707 1720 1173 1764 animadvertendum:
1201 1735 1256 1763 ex
1279 1719 1496 1775 epistolis,
1523 1734 1640 1773 quae
1662 1719 1707 1761 in

76 1799 159 1840 hac
181 1797 297 1842 serie
319 1798 375 1840 ad
398 1798 605 1840 Natalem
623 1804 856 1853 spectante
872 1797 1003 1840 nobis
1021 1797 1224 1841 edendae
1242 1803 1502 1852 supersunt,
1524 1795 1705 1838 uberio-

76 1889 168 1917 rem
190 1882 393 1930 segetem
416 1875 472 1917 ad
496 1874 671 1917 tertiam
699 1874 902 1929 ejusdem
930 1873 977 1916 in
1005 1873 1297 1917 Germaniam
1328 1872 1591 1916 missionem
1619 1874 1704 1915 sub

74 1952 122 1994 S.
150 1951 389 1994 Francisco
413 1951 468 1993 de
492 1951 625 2006 Borja
646 1951 887 2006 pertinere3
914 1965 1085 2006 paucae
1114 1950 1234 1993 enim
1262 1965 1318 1993 ex
1347 1949 1434 1992 illis
1455 1949 1702 2005 perierunt,

71 2035 204 2083 prout
225 2028 270 2070 in
295 2028 426 2072 tertio
448 2028 677 2070 volumine
700 2028 939 2070 videbitur.
963 2027 1193 2083 Epistolae
1214 2041 1338 2080 vero,
1365 2025 1461 2070 sive
1484 2033 1703 2082 autogra—

72 2106 202 2159 phae,
229 2104 324 2148 sive
346 2107 633 2160 archetypae,
660 2106 716 2147 ad
741 2107 792 2147 P.
820 2104 986 2147 Lainez
1010 2103 1277 2147 Tridentum
1300 2110 1345 2146 et
1363 2104 1419 2145 ad
1437 2102 1548 2145 alios
1565 2117 1591 2144 a
1608 2104 1703 2145 Naa

73 2181 148 2223 tali
171 2181 216 2223 in
238 2183 323 2224 hac
346 2182 545 2224 secunda
566 2181 839 2225 Germaniae
860 2180 1119 2224 visitatione
1142 2180 1441 2235 conscriptae,
1468 2179 1505 2221 si
1529 2193 1701 2234 paucae

67 2257 368 2314 excipiantur,
399 2258 589 2302 amissae
619 2259 824 2311 fuerunt,
856 2258 902 2300 ni
931 2257 1149 2309 -fallimur,
1182 2258 1326 2299 multo
1353 2263 1458 2299 ante
1487 2270 1703 2312 praesens

71 2336 315 2379 saeculum.
340 2335 540 2379 Tametsi
563 2350 671 2379 vero
694 2335 818 2391 ipsae
840 2334 1055 2390 epistolae
1073 2333 1344 2385 interierint,
1365 2347 1467 2375 cum
1488 2347 1704 2388 responsa

73 2414 313 2468 archetypa
332 2412 478 2455 Patris
496 2412 663 2456 Lainez
682 2413 737 2454 ad
755 2412 979 2464 Natalem,
1001 2410 1207 2453 Tridenti
1224 2411 1345 2463 data,
1363 2412 1574 2452 accurate
1592 2423 1701 2452 con—

72 2496 323 2541 serventur,
350 2505 405 2533 ex
427 2489 584 2532 iisdem
608 2488 978 2545 responsionibus
1005 2502 1097 2530 non
1126 2488 1272 2529 solum
1297 2486 1482 2542 negotia
1504 2501 1530 2528 a
1551 2486 1701 2528 Natali

70 2564 116 2606 in
138 2565 230 2608 suis
251 2566 451 2622 epistolis
473 2566 692 2622 exposita,
718 2567 799 2610 sed
821 2565 956 2608 etiam
977 2572 1178 2620 tempora
1196 2571 1241 2608 et
1258 2564 1372 2617 loca,
1396 2562 1472 2605 ubi
1489 2562 1610 2605 illius
1627 2562 1702 2604 lit-

69 2647 192 2685 terae
208 2642 338 2687 datae
355 2643 540 2686 fuerunt
561 2642 739 2698 saepius
756 2641 961 2693 definire,
982 2641 1107 2683 nullo
1125 2641 1198 2684 vel
1215 2647 1337 2683 certe
1359 2639 1477 2682 facili
1495 2639 1698 2695 negotio,

68 2717 200 2760 nobis
231 2718 372 2762 licuit.

154 2794 378 2849 Epistolae
400 2812 426 2839 a
451 2797 663 2847 Polanco,
689 2811 745 2839 ex
773 2795 1089 2839 commissione
1113 2796 1165 2837 P.
1199 2794 1382 2845 Lainez,
1409 2794 1466 2835 ad
1488 2793 1701 2836 Natalem

68 2872 213 2922 datae,
248 2886 363 2926 quae
389 2872 570 2927 quidem
599 2874 812 2928 majorem
840 2873 977 2928 hujus
1004 2870 1247 2914 voluminis
1276 2877 1466 2926 partem,
1498 2868 1702 2924 exceptis

69 2947 409 3003 appendicibus,
437 2951 650 3001 conflant,
671 2965 725 2994 ex
745 2949 853 3005 ipsis
877 2948 1104 3005 Regestis,
1126 2946 1330 2990 Tridenti
1348 2947 1433 2989 sub
1457 2945 1600 2988 oculis
1619 2947 1704 2987 Pa-
