1958 3210
252 204 322 240 554
872 195 1009 229 EP1sT.
1040 195 1069 229 P
1081 222 1089 229 .
1123 195 1272 231 NADAL

259 308 294 338 1.
324 297 448 350 Lego
466 294 752 346 rhetoricam,
777 309 911 350 quam
929 295 1252 350 professionem
1272 297 1424 352 accepi
1442 314 1467 341 a
1491 299 1605 341 festo
1630 301 1885 345 Paschae...

255 366 295 408 7.
322 355 440 398 Sunt
463 354 592 397 nobis
617 354 876 408 frequentes
900 354 1264 398 adolescentes...
1293 355 1362 412 [IL
1390 367 1490 410 541,
1524 357 1623 416 546]
1651 360 1678 401 ¹.

349 426 383 455 1.
417 413 565 455 szcsz'do
594 413 850 456 Masborus.
880 425 920 455 2.
954 413 1131 469 Viginti
1159 423 1367 469 quatuor.
1402 429 1440 470 3.
1475 417 1651 468 Gallus,
1678 433 1731 460 ex
1757 419 1883 461 terri-

255 472 367 514 torio
391 471 622 523 leodiensi,
650 488 705 516 ex
728 487 848 528 pago
873 472 1090 525 Wailhet,
1117 488 1254 529 prope
1282 474 1615 519 Dionantum...
1655 488 1719 531 15.
1748 478 1887 521 Colo-

253 531 368 582 niae,
396 531 646 585 Cameraci,
673 531 931 574 Louanii....
960 532 1141 574 Artium
1169 533 1426 577 licentiatus
1454 535 1723 580 Coloniae...
1751 537 1887 580 Colo-

254 591 354 633 niae
378 590 626 634 rhetoricae
649 598 694 634 et
716 590 1027 646 philosophiae
1056 606 1135 647 per
1167 593 1526 646 quadriennium.
1566 606 1630 648 17.
1658 597 1706 638 In
1731 596 1888 640 Socie-

255 657 347 692 tate
375 650 528 692 docuit
558 650 792 693 inferiores
820 650 1078 705 disciplinas
1107 666 1250 706 vsque
1281 653 1336 694 ad
1365 653 1639 697 rhetoricam
1666 655 1889 700 inclusiue

253 724 332 765 per
355 709 715 763 quadriennium.
744 709 812 766 [IL
841 709 941 768 551]

350 780 385 811 1.
453 770 603 811 Vocor
625 770 898 812 Guilielmzts
915 770 1127 812 Elderen.
1152 783 1193 812 2.
1216 771 1376 813 Annos
1394 778 1527 814 natus
1547 786 1601 826 30
1619 780 1664 816 et
1692 785 1728 826 1,
1749 773 1805 816 ad
1825 774 1891 815 fe—

253 834 374 869 stum
390 828 640 870 natiuitatis
654 828 836 871 Domini
852 829 1118 884 proximum.
1140 843 1179 884 3.
1199 831 1266 872 Ex
1281 830 1424 885 patria
1438 831 1691 874 Leodnia...
1718 844 1782 875 12.
1801 834 1891 876 Re—

253 894 413 942 ceptus
436 887 481 929 in
505 887 777 932 Societatem
796 890 967 931 Romae
997 899 1121 942 1550;
1145 889 1267 955 prius
1291 896 1439 931 tamen
1458 905 1536 945 per
1558 891 1791 933 dimidium
1810 907 1888 934 an-

255 961 363 989 num
387 947 602 990 Coloniae
626 962 728 989 cum
754 950 887 990 Patre
911 949 1146 990 Leonardo
1170 948 1259 1004 egi.
1288 949 1582 992 Examinatus
1605 965 1785 1006 quoque
1808 965 1889 1007 ge-

255 1006 466 1049 neraliter
495 1008 719 1050 Romae...
758 1020 824 1060 14.
858 1008 1078 1051 Sacerdos
1107 1022 1206 1050 sum
1235 1008 1466 1064 indignus.
1505 1011 1655 1063 15.111
1688 1010 1890 1066 collegiis

254 1065 359 1121 degi
377 1065 613 1109 viennensi
630 1074 675 1109 et
692 1066 1068 1121 ingolstadiensi..
1081 1079 1181 1109 ..20
1206 1070 1315 1110 Post
1333 1082 1486 1110 casum
1506 1070 1743 1124 quemdam
1767 1069 1889 1113 vien-

254 1140 440 1168 nensem
465 1140 711 1180 numquam
731 1127 927 1180 perfecta
945 1126 1136 1169 sanitate
1154 1141 1253 1168 sum
1274 1142 1381 1169 usus
1399 1130 1634 1172 hactenus.
1664 1141 1733 1172 21.
1762 1130 1889 1171 Con-

256 1185 402 1228 fessus
425 1200 525 1227 sum
550 1185 822 1237 generaliter
839 1200 989 1241 saepe,
1012 1200 1101 1227 non
1120 1186 1299 1241 quidem
1319 1194 1436 1229 stato
1455 1195 1671 1243 tempore,
1696 1187 1889 1232 maxime

255 1245 511 1300 Augustae.
538 1242 674 1303 [Sela]
704 1258 740 1287 1.
768 1246 906 1287 Extra
935 1244 1207 1289 Societatem
1239 1246 1400 1301 studijs
1429 1247 1530 1289 dedi
1555 1262 1759 1302 operam,
1785 1263 1889 1303 par·
1939 1283 1942 1285 .

254 1303 333 1345 tim
357 1303 402 1345 in
425 1303 582 1359 patria,
610 1303 770 1359 partim
794 1304 1001 1359 Lovanij,
1027 1304 1104 1346 ubi
1126 1313 1171 1347 et
1188 1306 1381 1361 logicam
1405 1313 1449 1349 et
1468 1307 1697 1361 physicam
1716 1307 1885 1350 audiui.

254 1364 303 1405 In
327 1363 557 1407 Societate
579 1379 685 1407 vero
708 1363 843 1406 etiam
867 1364 921 1419 ijs
949 1364 1111 1419 studijs
1143 1373 1280 1419 atque
1309 1366 1565 1421 theologiae
1594 1381 1646 1408 ac
1669 1366 1765 1409 aliis
1788 1381 1892 1422 per-

255 1422 478 1466 functorie
501 1437 682 1478 operam
705 1423 863 1466 dedi...
891 1436 932 1477 4.
960 1425 1064 1467 Non
1086 1425 1199 1467 adeo
1233 1424 1447 1467 memoria
1476 1432 1520 1469 et
1549 1425 1750 1481 ingenio,
1777 1440 1893 1481 quae

253 1497 420 1538 magna
442 1482 682 1538 praecipue
705 1482 854 1525 studia
879 1483 1135 1537 requirunt,
1162 1485 1323 1539 polleo;
1356 1484 1638 1539 diuersisque
1667 1487 1802 1529 rebus
1824 1486 1890 1528 fa-

254 1541 338 1584 cile
362 1543 542 1584 obruor.
579 1553 618 1596 5.
652 1544 753 1585 Non
785 1544 897 1585 adeo
926 1558 1137 1598 magnam
1166 1543 1527 1599 progressionem
1557 1544 1603 1586 in
1630 1545 1792 1599 studijs
1819 1559 1891 1588 me

255 1600 415 1644 fecisse
456 1602 612 1645 fateor.
655 1602 697 1644 6.
739 1603 814 1644 Ad
852 1603 1024 1644 nullum
1062 1611 1295 1658 promotus
1328 1604 1547 1658 gradum,
1589 1618 1721 1658 quem
1758 1604 1893 1647 etiarn

253 1668 381 1704 extra
424 1661 698 1705 Societatem
732 1661 841 1703 mihi
879 1662 1033 1717 optaui
1070 1677 1325 1717 nunquam,
1366 1677 1514 1717 neque
1550 1663 1624 1706 hic
1662 1674 1779 1719 opto.
1823 1665 1890 1719 [IL

253 1721 354 1775 563,
382 1721 481 1775 564]

349 1792 383 1822 1.
451 1781 574 1821 Em'
559 1794 660 1835 eque
676 1781 810 1822 Priez.
832 1793 870 1823 2.
889 1782 1010 1823 Poco
1026 1785 1120 1823 mas
1136 1785 1162 1823 o
1177 1796 1333 1823 menos
1347 1782 1404 1823 de
1421 1794 1473 1835 32
1490 1788 1615 1824 anos.
1636 1796 1676 1836 3.
1683 1752 1765 1825 'De
1782 1783 1890 1824 Por-

253 1840 397 1894 tugal,
424 1840 601 1881 natural
624 1841 680 1881 de
703 1840 902 1882 Lisboa..
914 1874 921 1882 .
956 1853 1020 1883 10.
1048 1842 1147 1895 Fuy
1170 1841 1362 1896 siempre
1387 1840 1677 1885 estudiante..
1690 1876 1696 1884 .
1726 1842 1790 1884 16.
1819 1842 1892 1884 Ha

254 1897 353 1940 diez
382 1905 492 1941 anos
521 1913 608 1953 que
641 1903 768 1942 entre
798 1914 855 1941 en
877 1900 920 1941 la
949 1901 1219 1955 Compasiia:
1257 1901 1516 1956 cumplense
1550 1915 1664 1955 poco
1697 1902 1891 1956 despues

251 1959 309 2001 de
332 1964 419 2000 3ᾔο
443 1973 651 2001 nueuo...
680 1971 750 2001 21.
778 1960 851 2002 He
875 1961 1032 2002 estado
1056 1974 1111 2001 en
1143 1961 1354 2002 Cordoua
1382 1975 1410 2015 y
1441 1975 1497 2003 en
1528 1961 1807 2003 Salamanca:
1835 1976 1891 2003 en

253 2018 464 2061 Cordoua
486 2020 542 2060 he
566 2018 1135 2073 confessado,›predicado,
1161 2020 1309 2075 leydo:
1337 2034 1393 2062 en
1417 2020 1682 2063 Salamanca
1704 2019 1804 2063 hize
1827 2020 1891 2062 las

256 2077 566 2131 probaciones,
593 2093 621 2132 y
644 2077 837 2131 estudie,
864 2093 892 2133 y
909 2078 1195 2132 juntamente
1227 2080 1421 2134 despues
1443 2079 1499 2121 de
1531 2080 1759 2123 ordenado
1781 2093 1891 2121 con—

254 2137 427 2179 fesse...
456 2148 526 2190 27.
554 2137 783 2180 Inclinado
806 2152 878 2180 me
901 2137 1062 2189 siento,
1089 2137 1125 2180 si
1148 2139 1214 2180 los
1237 2138 1494 2193 superiores
1518 2138 1759 2193 quisiesen,
1781 2139 1837 2180 de
1854 2137 1890 2180 ir

255 2200 280 2238 3
304 2196 540 2239 Alemania
559 2201 655 2239 mas
678 2211 765 2250 que
788 2201 813 2238 a
836 2204 933 2239 otra
950 2204 1091 2253 parte,
1118 2212 1201 2253 por
1224 2213 1296 2240 ser
1312 2197 1537 2240 inclinado
1555 2202 1580 2239 a
1597 2198 1792 2240 destruit
1808 2199 1889 2240 he-

254 2256 386 2311 rejias
409 2271 437 2310 y
460 2271 675 2311 arraygar
696 2257 739 2298 la
762 2257 804 2298 fe
826 2257 882 2300 de
904 2257 946 2299 la
968 2256 1142 2312 iglesia.
1170 2255 1238 2314 [11,
1265 2258 1349 2311 603
1379 2256 1480 2316 606]

350 2328 384 2358 1.
450 2316 682 2357 Hem‘icus
698 2317 936 2358 Arboreus.
958 2329 996 2359 2.
1015 2316 1236 2372 Triginta,
1257 2316 1304 2358 ni
1322 2317 1462 2358 fallor.
1481 2330 1518 2370 3.
1535 2315 1669 2359 Natio
1683 2322 1751 2359 est
1769 2317 1887 2359 Ger-
1947 2338 1951 2342 ·

254 2374 403 2416 mania
426 2375 624 2426 inferior,
647 2375 882 2430 prouincia
905 2375 1122 2419 dioecesis
1145 2375 1400 2427 leodiensis,
1422 2375 1565 2431 patria
1586 2390 1694 2418 vero
1715 2377 1842 2419 Peer.
1857 2409 1883 2418 ..

252 2449 295 2490 c).
324 2435 583 2488 Antequam
602 2435 874 2479 Societatem
892 2435 1170 2491 ingrederer,
1191 2435 1293 2478 dedi
1311 2435 1453 2491 primo
1476 2450 1671 2501 operam
1680 2434 1819 2477 literis
1841 2434 1887 2476 in

255 2493 413 2548 patria,
439 2494 602 2538 deinde
626 2494 860 2545 Coloniae,
887 2509 938 2537 ac
941 2471 1148 2538 Otandem
1175 2494 1221 2536 in
1250 2494 1442 2549 collegio
1471 2493 1731 2549 germanico
1760 2508 1839 2550 per
1860 2506 1887 2547 4

253 2568 411 2596 annos:
437 2553 576 2596 literis
599 2560 831 2609 praeterea
852 2553 1208 2605 humanioribus,
1230 2553 1336 2597 item
1355 2530 1677 2620 philosophiae,
1698 2553 1762 2596 sic
1780 2568 1888 2609 ope-

254 2627 349 2655 ram
379 2612 567 2665 nauaui,
599 2620 649 2655 ut
677 2612 871 2668 aliquem
894 2613 951 2655 in
982 2613 1091 2669 ipsis
1118 2613 1260 2656 videri
1292 2613 1459 2669 possim
1489 2613 1649 2656 fecisse
1678 2627 1889 2669 progres

253 2686 408 2714 sum..
442 2685 506 2715 12.
528 2674 630 2739 Jam
653 2680 807 2715 sextus
825 2672 977 2728 agitur
995 2687 1157 2725 annus,
1179 2688 1234 2716 ex
1253 2687 1342 2727 quo
1360 2687 1460 2715 sum
1483 2679 1722 2728 susceptus
1745 2671 1887 2727 primo

251 2746 278 2772 a
303 2733 354 2773 Ρ.
389 2731 573 2775 Simone
600 2731 645 2773 in
672 2731 962 2784 Lumbardia,
988 2732 1034 2774 in
1057 2732 1249 2788 collegio
1271 2731 1519 2788 patauino..
1531 2766 1538 2774 .
1578 2744 1643 2785 14.
1676 2732 1787 2776 Sum
1816 2746 1890 2774 sa-

327 2889 334 2907 ¹
388 2887 504 2922 Extat
522 2892 724 2932 praeterea
742 2886 856 2930 (ibid.
884 2887 926 2921 ff.
952 2886 1036 2933 532,
1055 2886 1140 2932 533)
1156 2888 1260 2923 aliud
1279 2897 1444 2923 examen
1464 2887 1646 2932 Gregorii
1661 2887 1772 2922 Fabii
1787 2898 1887 2922 anno

256 2934 343 2978 1567
359 2935 560 2980 scriptum,
578 2934 644 2969 ubi
659 2934 877 2969 sacerdotio
894 2934 1088 2970 initiatum
1104 2936 1276 2982 seipsum
1292 2945 1393 2970 anno
1412 2934 1515 2981 1560,
1531 2941 1571 2971 et
1585 2934 1770 2970 Coloniae
1784 2946 1887 2970 com-

251 2982 489 3017 mensalibus
509 2988 698 3029 perpetuo
718 2981 937 3028 praefuisse
956 2987 1136 3018 testatur.

1954 302 1958 364 l
