1958 3210
772 160 989 197 Appmmx
1618 165 1685 203 579

68 263 178 309 siete
208 271 318 307 anos
346 279 374 319 y
405 264 605 308 medio...
642 276 713 307 22.
746 265 838 318 Soy
867 263 923 305 de
953 264 1154 319 epistola.
1190 275 1260 317 23.
1293 263 1360 304 En
1390 262 1638 316 Symancas
1659 274 1687 314 y

15 367 18 371 ,
69 324 332 368 Salamanca
353 325 393 366 el
416 323 579 379 primer
599 330 686 366 ano
707 338 736 377 y
759 321 922 373 medio,
949 336 1005 364 en
1028 337 1155 364 cosas
1178 323 1233 364 de
1256 320 1447 373 novicio;
1468 321 1511 362 lo
1533 320 1686 363 demas

69 386 125 426 he
147 382 381 426 estudiado
404 390 522 426 artes
544 398 573 437 y
597 383 838 437 theologia.
869 383 961 437 [IV,
989 392 1090 435 552,
1118 383 1217 436 555]

166 455 202 485 Ι.
268 443 436 484 Petrus
459 442 690 497 Sylvius...
725 453 765 483 2.
798 440 971 496 Viginti
994 455 1212 484 nouem...
1247 454 1286 494 3.
1321 438 1544 481 Inferioris
1569 437 1686 480 Ger—

71 500 260 552 maniae,
292 500 550 555 prouinciae
578 499 840 551 flandricae,
876 499 1159 554 episcopatus
1196 497 1541 548 cameracensis,
1581 496 1686 552 pagi

70 560 250 604 nomine
272 561 468 603 Hautem
493 559 646 603 Sancti
670 558 829 602 Leuini
858 558 971 600 inter
1000 559 1272 602 Gandauum
1296 564 1339 601 et
1366 558 1592 606 Alostum,
1619 555 1686 596 vi-

70 619 248 662 cinioris
271 626 421 662 tamen
444 619 657 661 Alosto...
690 630 755 670 14.
782 618 1056 661 Sacerdos...
1084 617 1301 672 Magister
1323 615 1482 658 artium
1511 622 1556 658 et
1579 615 1686 656 bac*

69 680 301 722 calaureus
325 677 580 732 theologiae
603 678 873 718 formatus...
900 674 1062 733 [Mag]
1097 689 1132 719 Ι.
1165 675 1288 731 Quid
1314 676 1481 730 legant.
1525 687 1558 716 Ι.
1594 675 1685 716 De—

69 737 412 780 monstrationes
452 743 495 779 et
539 736 674 778 libros
716 736 771 777 de
814 735 976 788 anima3
1017 736 1130 777 duos
1173 749 1314 777 annos
1356 748 1553 785 cursum,
1596 739 1686 775 tres

70 796 422 853 grammaticam,
450 809 589 837 unum
613 794 896 837 rhetoricam.

158 856 377 911 [Alterum
406 854 606 909 ejusdem
635 854 775 908 Sylvii
796 855 1019 908 ammom]
1053 854 1188 896 Anno
1222 853 1329 906 1567
1360 851 1431 893 die
1461 852 1484 892 8
1517 849 1686 905 Aprilis

69 914 291 958 Treveris.
324 926 358 956 1.
382 914 551 955 Petrus
573 913 765 968 Sylvius.
794 924 829 954 2.
857 911 1063 967 Triginta
1086 912 1235 963 trium,
1264 924 1334 965 33,
1361 924 1579 953 annorum
1609 916 1687 951 aut

70 981 134 1016 tot
169 972 426 1029 propediem
464 973 658 1014 futurus.
702 984 741 1025 3.
783 972 817 1013 F
822 972 989 1014 lander.
1031 972 1277 1013 Alostanus
1319 971 1485 1014 Sancto
1523 967 1686 1011 Liuino

69 1032 370 1075 hautemius...
404 1043 466 1074 12.
491 1032 540 1073 In
561 1029 832 1075 Societatem
855 1037 1062 1085 receptus
1084 1029 1188 1072 anni
1210 1028 1319 1084 lapsi
1341 1035 1446 1071 sunt
1469 1034 1685 1082 quatuor-

51 1091 236 1143 decim,
268 1092 368 1146 plus
403 1090 566 1141 minus,
599 1089 644 1131 ni
681 1089 867 1140 fallitur,
898 1089 944 1130 in
975 1089 1235 1141 Brabanfia,
1266 1086 1530 1130 louaniensi'
1553 1087 1685 1128 domo

70 1158 192 1204 tunc,
218 1164 340 1192 nunc
361 1149 566 1205 collegio:
593 1162 677 1191 nec
706 1154 813 1190 tunc
842 1147 1021 1202 quidem
1045 1147 1340 1198 examinatus,
1367 1147 1446 1190 sed
1474 1152 1575 1201 post
1603 1160 1685 1187 an-

70 1225 176 1252 num
201 1212 422 1252 Romae...
456 1219 520 1262 15.
548 1209 595 1250 In
628 1207 893 1258 louaniensi,
926 1222 1125 1259 romano,
1149 1205 1402 1256 florentino,
1436 1203 1682 1260 tyburtino,

67 1268 293 1325 pragensi,
319 1266 676 1323 ingolstadiensi,
701 1265 946 1309 coloniensi
975 1266 1094 1317 olim,
1120 1265 1205 1308 iam
1235 1263 1472 1308 treuirensi
1501 1262 1680 1318 degit...

74 1340 139 1381 17.
166 1327 327 1371 Adfuit
350 1328 464 1370 Rdo.
491 1325 613 1369 Patri
636 1327 830 1380 LayneZ,
857 1325 1046 1380 scriptor
1068 1332 1111 1368 et
1135 1323 1438 1367 cubicularius
1456 1329 1500 1365 et
1519 1321 1685 1364 indiui-

67 1388 185 1430 duus
213 1401 378 1438 comes,
403 1385 655 1429 Florentiae
683 1399 762 1440 per
791 1383 989 1439 quinque
1018 1399 1210 1436 menses;
1247 1385 1418 1426 Rornae
1445 1381 1578 1424 etiam
1608 1395 1685 1436 per

67 1446 235 1501 aliquot
255 1460 431 1489 menses
454 1459 572 1487 unus
594 1459 650 1487 ex
671 1442 963 1498 scriptoribus
986 1443 1180 1485 cubiculi
1206 1441 1351 1485 Patris
1374 1440 1557 1484 Polanci
1580 1454 1683 1482 cum

67 1507 272 1549 Guthero
298 1504 344 1563 [?]
370 1506 379 1525 ¹
405 1511 449 1547 et
466 1506 641 1561 joanne
664 1502 920 1558 Philippo...
948 1504 1187 1544 Promotus
1215 1508 1283 1543 est
1311 1507 1415 1544 ante
1446 1498 1685 1543 Societatis

67 1564 319 1621 ingressum
343 1563 539 1618 quidem,
565 1561 753 1616 Louanij
778 1561 1007 1617 magister:
1034 1561 1078 1603 in
1097 1560 1321 1605 Societate
1338 1573 1444 1601 vero
1462 1559 1685 1613 Ingolsta—

69 1623 126 1679 dij
151 1638 304 1666 sacrae
326 1622 578 1678 theologiae
599 1622 918 1664 baccalaureus
940 1620 1146 1662 biblicus:
1168 1618 1383 1661 Coloniae
1401 1616 1685 1660 setentiarius

69 1691 114 1725 et
136 1684 366 1725 formatus:
393 1681 592 1725 Treuiris
613 1681 867 1724 licentiatus
896 1687 940 1723 et
971 1680 1142 1721 doctor.
1175 1678 1335 1721 Literis
1357 1691 1537 1731 operam
1561 1675 1683 1718 dedit

70 1742 293 1785 flandricis
315 1748 360 1784 et
382 1741 545 1794 latin1s3
572 1754 835 1796 graecarum
859 1739 992 1782 etiam
1016 1746 1059 1782 et
1077 1739 1369 1781 hebraearum
1388 1736 1523 1777 initiis
1542 1736 1686 1791 (prae—

71 1808 136 1845 ter
158 1815 338 1844 cursum
361 1799 730 1856 philosophicum)
754 1797 906 1854 patrijs
929 1799 1109 1853 quidem
1131 1797 1216 1839 illis
1237 1797 1292 1839 ab
1315 1810 1431 1838 anno
1448 1794 1606 1838 aetatis
1624 1794 1686 1847 7.⁰

69 1868 147 1903 aut
170 1862 194 1903 8
219 1874 361 1915 usque
383 1861 439 1902 ad
473 1870 605 1911 11.m,
630 1858 779 1900 latinis
810 1872 887 1913 per
916 1871 1057 1900 annos
1085 1863 1294 1911 quatuor,
1327 1853 1501 1910 graecis
1530 1860 1574 1896 et
1602 1855 1685 1895 he·-

69 1919 230 1963 braicis
252 1934 329 1962 sex
358 1918 603 1963 mensibus:
637 1917 890 1972 theologiae
919 1917 1010 1959 fere
1042 1930 1159 1958 anno
1187 1922 1231 1959 et
1259 1917 1478 1958 hactenus
1506 1912 1686 1968 quidem

68 1986 172 2023 ante
190 1978 460 2023 Societatem
478 1977 683 2033 publicae
700 1976 803 2019 fidei
821 1976 984 2019 scholis
1002 1982 1046 2019 et
1062 1973 1427 2031 praeceptoribus
1445 1986 1569 2023 usus,
1591 1978 1686 2013 tum

67 2037 336 2082 doctissimis
349 2046 393 2080 et
404 2036 745 2087 honestissimis,
761 2042 856 2078 tum
871 2035 1008 2091 Sylvij
1026 2033 1357 2084 amantissimis,
1372 2032 1417 2073 in
1432 2030 1559 2087 pagis
1574 2031 1687 2073 Alo—

66 2098 138 2150 sti,
159 2097 361 2152 Lovanij3
381 2096 427 2138 in
445 2095 673 2140 Societate
690 2111 744 2139 ex
763 2095 962 2150 professo
981 2094 1054 2136 vix
1075 2108 1271 2148 unquam
1289 2091 1395 2147 quid
1413 2090 1582 2140 didicit,
1599 2089 1684 2131 nisi

69 2157 341 2212 theologiam
363 2154 621 2212 Ingolstadij
646 2156 822 2197 duobus
845 2155 957 2196 forte
979 2153 1122 2195 annis.
1149 2154 1316 2195 Romae
1333 2150 1512 2206 quidem
1536 2148 1685 2204 coepit

69 2231 249 2259 cursum
282 2214 585 2271 theologicum
613 2213 804 2269 primum
833 2214 916 2255 sub
947 2215 998 2255 P.
1033 2211 1219 2264 Olaui03
1252 2211 1330 2253 sed
1357 2216 1457 2265 post
1484 2222 1684 2251 mensem

70 2283 146 2319 aut
168 2274 344 2319 circiter
366 2274 411 2317 in
433 2275 638 2316 morbum
666 2272 837 2324 incidit,
863 2271 939 2327 qui
967 2271 1166 2314 studium
1199 2277 1242 2313 et
1274 2283 1455 2325 operam
1483 2266 1684 2310 discendi

71 2334 256 2390 abrupit.
285 2337 475 2390 Pragae,
501 2332 730 2384 Coloniae,
756 2331 954 2375 Treuiris
971 2329 1197 2386 disputaui
1213 2336 1257 2372 et
1276 2326 1498 2384 respondi:
1520 2325 1684 2380 alioqui

70 2408 124 2437 ex
150 2393 355 2437 instituto
384 2392 598 2437 lectiones
628 2394 719 2434 fere
748 2392 893 2433 nullas
915 2389 1103 2441 audiuit,
1134 2388 1219 2430 nisi
1241 2388 1409 2443 aliquot
1432 2400 1618 2441 graecas
1639 2391 1684 2427 et

71 2455 257 2498 hebreas
278 2459 323 2497 et
344 2451 681 2495 mathematicas
703 2451 823 2493 aliud
852 2451 1029 2506 agendo
1057 2447 1333 2502 Ingolstadij.
1366 2444 1532 2488 Docuit
1560 2450 1686 2487 extra

71 2513 342 2558 Societatem
371 2511 555 2565 Lovanij
586 2510 816 2552 dimidiato
850 2523 967 2552 anno
994 2508 1040 2550 in
1071 2506 1347 2563 philosophia
1382 2503 1607 2560 priuatim;
1639 2502 1685 2544 in

69 2573 223 2616 eadem
241 2571 374 2615 etiam
391 2570 615 2614 interdum
633 2569 812 2612 nomine
830 2567 1154 2611 ordinariorum
1174 2572 1358 2621 rogatus
1374 2563 1553 2619 publice
1570 2576 1685 2604 non-

69 2646 313 2687 numquam
335 2637 380 2674 et
401 2630 447 2672 in
469 2628 783 2686 grammaticis.
809 2630 855 2670 In
881 2627 1106 2671 Societate
1127 2640 1234 2667 vero
1257 2623 1410 2667 docuit
1433 2621 1687 2664 rudimenta

69 2690 208 2746 prima
248 2690 400 2732 latina:
451 2688 639 2745 primam
686 2694 857 2743 partem
886 2684 1194 2741 Despauterij,
1231 2684 1431 2726 eiusdem
1463 2679 1686 2736 syntaxim

69 2758 113 2794 et
133 2749 496 2794 versificatoriam
519 2748 570 2804 (si
598 2746 941 2790 versificatoriae
971 2745 1079 2787 satis
1107 2743 1339 2796 meminit),
1365 2740 1617 2796 Vergilium
1641 2747 1685 2781 et

71 2809 235 2864 aliquid
257 2807 515 2860 rhetorices;
541 2808 620 2851 sed
644 2808 752 2850 haec
776 2805 975 2862 proxima
998 2806 1087 2847 duo
1120 2809 1297 2846 nostros
1325 2799 1443 2844 domi
1467 2800 1688 2858 Ingolsta-

147 2942 157 2962 ¹
209 2938 384 2977 Obscure
403 2942 614 2974 exaratum.
