1958 3210
556 149 742 185 Ssscunm
769 156 992 184 VOLUMINIS
1019 157 1254 186 CONCLUSIO
1328 178 1332 182 .
1650 152 1715 188 681

92 254 188 295 Nec
211 251 360 294 minus
381 252 529 295 elucet
552 250 699 294 Patris
722 249 888 293 Lainez
910 249 1148 306 integritas
1169 258 1215 294 et
1238 266 1363 294 amor
1385 267 1494 308 erga
1513 253 1718 297 Societa-

93 342 200 387 tem,
225 348 328 376 cum
352 334 500 376 Natali
523 349 601 389 per
635 333 883 375 Polancum
913 331 1141 388 rescripsit
1171 334 1395 389 propriam
1425 349 1532 391 erga
1564 349 1718 378 caesa-

93 432 187 460 rem
209 416 585 460 existimationem
609 431 657 459 se
686 414 811 458 nihili
842 415 1003 467 facere,
1034 416 1280 459 dummodo
1311 418 1513 462 Societas
1541 418 1718 461 incolu-

92 500 177 542 mis
199 507 469 551 servaretur,
495 500 760 554 nullumque
790 497 1107 542 detrimentum
1138 506 1370 554 pateretur
1403 503 1536 557 (241).
1569 503 1716 558 Impe-

91 573 211 625 rator
233 590 383 624 autem
405 583 652 626 benevolus
675 596 852 637 semper
873 588 919 623 et
946 596 1102 624 amans
1131 582 1343 626 Societati
1376 599 1474 627 sese
1503 585 1717 629 exhibere

89 665 299 721 perrexit3
330 672 521 708 noverat
553 664 670 707 enim
700 664 820 709 illam
850 663 895 705 in
924 663 1134 707 omnibus
1163 666 1376 721 majorem
1408 667 1492 710 Dei
1525 667 1714 723 gloriam

88 749 374 802 fructumque
397 747 644 790 animarum
674 747 921 789 intendere.
949 747 1045 788 Nec
1075 747 1172 801 ejus
1201 747 1399 791 animum
1432 764 1629 804 unquam
1659 751 1715 792 ab

85 833 168 874 hac
191 831 404 887 opinione
426 839 470 873 et
493 845 641 873 amore
665 838 869 874 avertere
897 836 1143 886 potuerunt
1167 831 1302 886 aliqui
1326 847 1382 874 ex
1405 832 1711 888 magnatibus,

85 914 162 970 qui
184 915 374 957 moleste
397 915 601 957 ferebant
630 913 902 957 Societatem
926 928 1081 959 eorum
1112 914 1400 970 opinionibus
1429 915 1577 958 minus
1605 930 1716 958 con-

90 998 276 1041 formem
302 1011 400 1040 sese
423 997 637 1052 praebere
661 997 792 1053 (263).

176 1082 232 1122 Et
254 1082 364 1122 haec
388 1071 568 1135 quidem
591 1079 756 1122 dixisse
779 1080 973 1122 sufficiat
991 1080 1227 1122 occasione
1245 1081 1573 1136 praedictarum
1592 1081 1714 1124 litte-

88 1178 255 1216 rarum,
281 1178 306 1205 a
328 1162 460 1205 nobis
477 1162 522 1204 in
541 1162 766 1218 praesenti
784 1163 1010 1205 volumine
1029 1163 1265 1215 editarum,
1292 1178 1425 1217 quae,
1451 1164 1555 1208 licet
1573 1179 1716 1208 novos

87 1248 322 1290 thesauros
346 1245 557 1288 historiae
579 1246 719 1301 vulgo
742 1244 923 1301 ignotos
947 1245 1076 1288 nobis
1100 1247 1316 1299 revelent,
1344 1247 1542 1289 dolorem
1563 1255 1714 1290 tamen

86 1337 289 1372 nostrum
313 1328 494 1372 aliunde
525 1335 712 1384 augent,
745 1329 802 1370 ob
836 1328 1124 1384 epistolarum
1160 1329 1334 1372 Natalis
1367 1331 1424 1371 ad
1456 1332 1567 1374 haec
1597 1338 1711 1374 tem-

84 1427 194 1469 pora
215 1411 515 1467 spectantium
540 1411 840 1463 amissionem3
867 1426 970 1454 nam
995 1427 1062 1463 ea,
1090 1426 1205 1466 quae
1228 1428 1253 1455 a
1270 1412 1400 1454 nobis
1418 1413 1590 1467 prolata
1606 1421 1713 1456 sunt

83 1496 129 1538 in
148 1497 238 1538 hoc
260 1494 504 1546 volumine,
526 1494 675 1550 potius
692 1509 748 1537 ex
765 1494 992 1550 responsis
1015 1496 1071 1537 ad
1088 1495 1212 1537 illum
1231 1495 1362 1547 datis,
1385 1510 1518 1550 quam
1539 1511 1595 1539 eX
1614 1497 1712 1551 ejus

83 1577 282 1635 epistolis
304 1578 655 1634 pervestiganda
672 1579 812 1620 fuere.
833 1577 1019 1621 Gratior
1037 1577 1165 1619 nobis
1185 1577 1302 1620 tertii
1322 1577 1560 1620 voluminis
1579 1580 1711 1621 ador-

83 1661 219 1705 nandi
242 1662 382 1714 labor,
408 1663 505 1704 Deo
521 1661 727 1716 juvante,
753 1661 945 1713 eveniet3
971 1661 1017 1702 in
1040 1660 1116 1702 illo
1145 1661 1309 1704 etenim
1342 1662 1481 1703 ferme
1511 1663 1709 1717 comple—

83 1752 179 1787 tum
203 1750 247 1786 et
268 1743 497 1799 integrum
517 1743 689 1787 Natalis
707 1758 808 1786 cum
828 1745 875 1788 S.
897 1745 931 1786 F
936 1743 1137 1785 rancisco
1156 1744 1211 1785 de
1232 1744 1379 1798 Borja,
1403 1742 1535 1786 tertio
1553 1742 1729 1809 Sociess.

85 1827 188 1871 tatis
226 1826 497 1882 praeposito,
529 1827 778 1869 litterarum
809 1825 1129 1870 commercium
1155 1826 1367 1869 exhibere
1390 1826 1557 1879 licebit3
1588 1827 1711 1869 unde

82 1925 162 1965 pro
184 1909 472 1961 Germaniae,
501 1909 645 1966 Belgii
667 1917 712 1952 et
734 1909 908 1953 Galliae
930 1908 1261 1964 provinciarum
1291 1908 1481 1951 historia
1508 1909 1710 1951 conscri-

83 1994 231 2036 benda
268 1994 389 2036 haud
416 1994 718 2049 spernendum
747 1993 997 2036 subsidium
1033 1998 1186 2034 nostra
1222 1994 1534 2035 MONUMENTA
1571 1993 1710 2034 colla—

86 2083 186 2118 tura
208 2091 453 2132 speramus.
