1958 3210
796 122 1016 158 APPENDIX
1648 123 1716 169 593

92 233 336 280 nostroque
359 224 677 280 ben[e]placito
706 237 793 277 400
821 230 1058 267 coronatos
1080 224 1320 278 quotannis
1343 224 1719 267 administrandos

29 323 33 328 .
90 284 445 341 designauimus,
472 292 516 327 et
539 284 660 326 nulla
683 282 901 338 siquidem
923 282 1095 325 meliori
1120 283 1356 327 occasione
1385 283 1483 326 illos
1512 286 1715 336 Romam,

90 360 223 401 quam
248 358 325 400 per
355 358 451 394 uos,
485 343 789 386 transmittere
812 341 1050 397 possimus,
1084 342 1292 385 clementi
1324 350 1477 386 nostra
1502 343 1719 398 petitione

89 420 114 448 a
137 403 266 447 uobis
298 402 615 458 efflagitamus,
656 409 721 453 ut,
753 401 790 444 si
828 400 1108 456 beneplacito
1146 409 1298 444 nostro
1326 402 1531 446 satisfieri
1561 403 1714 453 uultis,

87 464 185 506 illos
217 476 304 516 400
337 469 577 504 coronatos
606 460 797 516 singulis
835 460 963 502 annis
989 469 1187 515 tempore
1216 468 1405 513 statuto,
1438 462 1494 503 ad
1524 463 1715 504 natalem

87 522 296 565 nimirum
334 520 517 564 Domini
555 519 798 563 seruatoris
834 519 1004 571 nostri,
1036 520 1179 562 donec
1214 519 1297 575 ipsi
1333 520 1713 572 reuocauerimus,

86 584 256 626 Romae
284 579 367 636 ipsi
397 579 559 635 rectori
590 578 789 629 tradatis,
815 593 984 633 eosque
1013 592 1101 621 una
1129 593 1230 620 cum
1262 578 1358 621 aliis
1387 579 1550 621 nostris
1585 580 1714 623 nobis

84 639 333 684 commissis
371 638 704 695 prouisionibus
741 637 1011 693 suscipiatis,
1037 645 1081 680 et
1104 652 1237 692 quarn
1255 637 1468 681 citissime
1486 639 1542 681 ad
1560 639 1713 693 proxi—

87 715 206 743 mum
230 699 423 742 natalem
446 697 627 741 Domini
650 704 750 752 post
766 697 893 739 datas
911 696 1060 740 literas
1078 696 1318 752 incipiatis.
1352 699 1501 752 Quam
1523 699 1581 739 ob
1603 712 1712 740 cau-

87 775 181 803 sam
204 757 504 816 promittimus
527 765 740 811 certoque
756 756 1019 812 pollicemur
1044 755 1171 798 uobis
1195 757 1327 798 talem
1350 764 1545 799 uestram
1568 771 1711 813 pecu-

84 819 202 862 niam
226 833 316 861 una
343 832 446 860 cum
469 817 515 859 in
541 816 611 859 his
639 814 959 859 commutantis
996 830 1047 857 ac
1076 815 1316 859 reddendis
1348 815 1558 871 expensis
1582 831 1710 859 sum-

82 886 253 936 ptuque
289 876 532 933 quotannis
569 876 624 919 ad
661 875 823 918 iustam
860 874 1210 918 satisfactionem
1247 874 1515 926 reddituros,
1548 882 1592 918 et
1625 876 1712 919 tale

39 991 43 997 .
83 945 285 982 uestrum
318 942 573 993 promptum
607 934 874 990 obsequium
900 935 1142 978 clementer
1171 934 1502 990 recognituros.
1536 936 1704 978 Datum

84 997 304 1049 Viennae,
331 1010 450 1039 anno
468 996 542 1050 58.

169 1058 210 1100 A
234 1060 378 1113 tergo:
406 1056 535 1110 1558.
580 1053 774 1098 Vienna.
815 1052 955 1109 Copia
983 1054 1095 1096 d'un
1117 1052 1273 1096 ordine
1295 1052 1339 1095 di
1367 1066 1449 1095 sua
1478 1055 1649 1097 maesta
1683 1068 1708 1096 a

80 1123 203 1220 gell-lto
226 1122 503 1160 mercatante
525 1128 657 1170 sopra
678 1113 708 1156 li
730 1126 816 1167 400
847 1123 887 1159 Δ
917 1112 1054 1156 annui
1078 1111 1114 1155 si
1137 1114 1285 1156 hanno
1304 1127 1328 1154 a
1346 1127 1486 1168 pagar
1504 1112 1575 1169 pel
1593 1112 1709 1156 uitto

110 1190 134 1219 e
169 1174 406 1219 ibohemi.

860 1322 920 1365 IV

609 1428 885 1466 HERCULES
912 1427 1171 1465 GONZAGA

666 1511 871 1548 cardinalis
892 1516 1122 1548 mantuanus

566 1615 733 1649 PATRI
766 1616 976 1657 JACOBO
1010 1616 1216 1646 LAINEZ

524 1702 752 1752 Mantuae,
794 1700 845 1743 16
878 1697 1046 1755 Aprilis
1085 1708 1193 1755 1559
1222 1699 1251 1739 ¹.

364 1802 589 1850 Collegium
609 1800 816 1837 Societatis
834 1799 1028 1834 Mantuae
1047 1797 1206 1834 institui
1219 1798 1414 1844 postulat.

165 1894 277 1938 Rdo.
312 1888 460 1938 Padre
487 1892 533 1935 in
563 1891 767 1944 Christo,
801 1890 976 1933 fratello
1007 1888 1255 1932 carissimo.
1296 1890 1330 1930 E
1360 1894 1537 1943 passato
1560 1902 1637 1942 per
1660 1886 1704 1929 di

77 1968 166 2010 qua
187 1953 424 1997 Antonino
452 1951 675 1996 Gaietano
705 1965 790 1994 con
819 1949 967 1993 alcuni
997 1947 1272 2005 giouanetti,
1305 1960 1383 2002 per
1405 1946 1607 1989 condurli
1626 1961 1702 1988 00-

74 2015 143 2057 sta
165 2014 250 2057 alla
271 2012 505 2069 disciplina
526 2011 571 2054 di
594 2010 669 2054 uoi
692 2010 815 2062 altri,
841 2008 961 2052 serui
991 2008 1035 2051 di
1065 2015 1222 2050 nostro
1253 2006 1408 2062 signor
1430 2005 1531 2057 Dio,
1557 2012 1601 2048 et
1623 2007 1703 2048 ha—

77 2073 225 2117 uendo
247 2073 304 2115 da
321 2072 384 2115 lui
405 2071 553 2116 inteso
585 2071 628 2114 la
658 2069 792 2113 fatica
821 2070 906 2112 che
934 2067 1008 2110 uoi
1038 2069 1127 2111 fate
1158 2067 1203 2108 in
1233 2064 1430 2121 seruigio
1457 2065 1501 2106 di
1530 2079 1610 2106 sua
1633 2064 1701 2106 di-

76 2131 182 2175 uina
205 2134 251 2176 M
266 2169 270 2174 .
285 2131 321 2166 ῒὲ
351 2139 395 2174 et
417 2130 521 2174 delli
544 2129 665 2174 fideli
687 2129 731 2172 di
754 2128 935 2172 Christo
957 2127 1099 2171 Giessi
1128 2126 1391 2175 benedetto,
1423 2139 1504 2166 son
1526 2130 1700 2166 entrato

77 2191 122 2234 in
144 2191 366 2235 desiderio
389 2190 433 2233 di
454 2192 596 2233 hauer
619 2195 777 2245 questo
800 2203 921 2231 seme
945 2187 1020 2242 qui
1043 2186 1159 2229 nella
1180 2184 1329 2227 chiesa
1350 2182 1456 2225 mia.
1493 2183 1606 2225 Pero
1628 2183 1702 2224 lho

77 2258 266 2307 pregato
287 2253 371 2294 che
393 2266 450 2294 ne
479 2248 632 2305 uoglia
655 2248 865 2304 ragionar
886 2261 971 2289 con
995 2247 1049 2289 V.
1084 2247 1139 2287 P.
1174 2246 1245 2294 R,
1280 2250 1323 2285 et
1354 2241 1479 2284 farmi
1510 2256 1638 2296 saper
1660 2242 1702 2282 la

79 2318 228 2354 mente
250 2310 294 2352 di
315 2309 389 2362 lei,
415 2308 600 2352 insieme
622 2315 666 2352 et
688 2309 730 2351 le
757 2304 1003 2350 conditioni
1032 2319 1116 2347 con
1144 2304 1185 2347 le
1214 2301 1333 2356 quali
1361 2301 1403 2343 io
1432 2299 1597 2356 potessi
1621 2300 1700 2341 dar

77 2369 393 2426 compimento,
420 2383 445 2411 a
468 2367 611 2424 gloria
632 2367 676 2409 di
699 2366 802 2417 Dio,
835 2381 859 2408 a
891 2372 1050 2420 questo
1078 2362 1165 2404 mio
1194 2359 1433 2404 desiderio.
1474 2361 1537 2402 La
1559 2373 1699 2414 prego

78 2430 162 2473 che
186 2428 340 2485 uoglia
361 2429 517 2471 creder
539 2433 707 2482 quanto
730 2427 771 2468 le
792 2424 887 2467 dira
915 2438 1016 2466 esso
1046 2420 1277 2465 Antonino
1306 2434 1330 2461 a
1359 2433 1489 2460 nome
1518 2417 1630 2468 mio,
1657 2426 1702 2460 et

80 2488 207 2530 farmi
230 2495 398 2544 quanto
420 2486 560 2543 prima
583 2488 726 2541 saper'
752 2484 933 2527 l'animo
955 2484 1038 2525 che
1060 2481 1089 2523 il
1112 2479 1277 2535 Spirito
1300 2477 1343 2519 di
1366 2477 1452 2520 Dio
1475 2478 1516 2520 le
1534 2478 1700 2519 hauera

80 2555 208 2603 posto
231 2547 276 2589 in
299 2561 451 2599 cuore,
476 2553 521 2589 et
543 2545 618 2602 qui
642 2552 760 2588 resto
789 2538 1239 2585 raccomandandomi
1267 2538 1350 2580 alle
1379 2551 1458 2578 sue
1483 2534 1690 2578 orationi.

82 2606 140 2650 Di
164 2609 366 2659 Mantua,
392 2606 422 2648 il
445 2620 524 2649 XVI
550 2604 593 2647 di
616 2603 772 2660 Aprile
795 2603 867 2644 nel
892 2613 964 2658 59.
992 2603 1052 2643 D.
1081 2601 1136 2642 V.
1163 2600 1216 2641 R.
1246 2599 1300 2639 P.
1328 2610 1453 2637 come
1471 2595 1642 2638 fratello
1660 2593 1703 2635 in

83 2666 282 2709 Christo.

765 2722 892 2763 ΗΕΒ.
935 2731 1174 2762 CARDINAL
1207 2729 1253 2758 DI
1289 2716 1516 2757 MANTUA.

156 2869 161 2888 ¹
216 2867 271 2901 Ex
292 2867 543 2912 autographo,
565 2866 604 2900 in
625 2864 723 2899 Cod.
753 2864 808 2908 33,
829 2860 972 2907 duplici
991 2861 1080 2901 fol.,
1102 2867 1145 2903 52
1163 2860 1255 2900 (10).
1282 2857 1325 2891 In
1344 2855 1501 2904 antiquo
1521 2853 1707 2889 tabulario

86 2923 222 2950 C.xvx.
250 2923 304 2959 17,
326 2915 430 2961 prius
453 2922 510 2949 11.
537 2912 635 2949 Vide
655 2923 782 2960 supra,
803 2921 919 2958 pagg.
947 2908 1028 2954 216,
1050 2905 1132 2953 233,
1152 2904 1234 2950 234,
1255 2909 1334 2941 etc.
