1958 3210
239 184 285 210 22
800 175 843 208 P.
872 174 1060 209 NATALls
1087 174 1306 209 EPHEMER.

240 275 519 330 interrogaui
544 276 596 317 P.
628 275 663 317 F
667 273 922 317 ranciscum
951 275 1007 317 de
1034 274 1286 318 visionibus
1315 274 1466 318 fratris
1498 274 1698 327 Taxeda,
1733 274 1780 317 id
1807 281 1878 317 est

239 353 295 395 de
318 357 502 407 papatu,
529 357 615 395 etc.
643 350 770 393 Dixit
791 350 900 392 mihi
922 350 997 393 illa
1019 350 1171 394 infusa
1192 349 1241 410 [?]
1264 365 1374 395 esse.

329 427 510 483 Negaui
532 433 795 471 constanter
817 429 941 471 ΜΛΝ)
976 426 1140 471 Auilae
1164 429 1217 469 P.
1243 428 1337 470 don
1364 427 1563 484 Diegum
1586 428 1876 471 Gusmanum

239 511 285 548 et
303 505 534 548 doctorem
559 505 792 557 Loartum,
819 518 933 559 quos
955 504 1137 560 petebat
1161 518 1241 559 pro
1264 503 1476 560 episcopo
1497 504 1697 560 pacensi,
1722 510 1771 546 vt
1793 506 1869 547 do-

240 583 405 625 cebant
442 580 694 624 doctrinam
716 579 957 636 xpianam.,
990 581 1112 636 quod
1136 580 1434 623 ministerium
1457 581 1678 625 industrie
1706 588 1751 624 et
1779 582 1877 623 fru-

241 664 400 702 ctuose
422 659 659 714 gerebant:
685 657 994 701 intellexeram
1017 656 1254 713 vtriusque
1280 657 1513 700 historiam
1542 664 1587 702 et
1614 657 1877 702 definieram

241 736 362 791 apud
394 733 496 793 [me]
525 735 625 778 illos
654 737 842 778 Romam
872 735 1055 787 ducere,
1086 735 1208 790 quod
1246 742 1291 778 et
1330 733 1431 778 feci.
1473 736 1604 778 Tunc
1641 734 1748 777 dixi:
1795 750 1882 777 «no

243 811 401 867 quiero
423 827 566 868 ganar
589 813 744 864 almas,
772 819 843 856 etc
871 813 923 854 ¹.»

330 932 400 975 15
978 933 1161 975 TOLETI

334 1044 472 1088 Venit
500 1058 678 1087 mecum
708 1046 855 1087 bonus
882 1043 957 1088 ille
984 1043 1243 1087 licentiatus
1271 1045 1422 1100 Lopez
1445 1058 1550 1087 cum
1579 1044 1878 1089 Sanctander.

245 1122 430 1178 Agebat
461 1128 740 1166 conuentum
771 1121 867 1179 [sic]
890 1122 1207 1178 theologorum
1231 1122 1288 1166 de
1310 1121 1517 1178 apologia
1539 1128 1698 1164 contra
1719 1122 1878 1164 decre-

245 1206 342 1242 tum
364 1198 690 1255 archiepiscopi
708 1198 861 1243 Silicei
878 1198 1000 1242 edita
1018 1198 1247 1242 Luteciae.
1266 1198 1331 1241 Ibi
1369 1213 1510 1254 quum
1529 1198 1706 1242 audiret
1723 1198 1883 1240 doctor

246 1277 416 1320 Cuesta
438 1277 555 1320 male
577 1274 734 1320 audire
756 1275 986 1328 exercitia,
1012 1283 1057 1319 et
1080 1290 1180 1320 esse
1203 1275 1281 1331 qui
1303 1275 1474 1318 diceret
1489 1290 1590 1319 esse
1606 1275 1651 1317 in
1668 1274 1755 1317 illis
1771 1276 1882 1318 hae-

244 1368 384 1408 reses,
415 1368 520 1410 «per
541 1355 691 1397 Deum
715 1352 891 1411 (inquit)
915 1352 1200 1397 mendacium
1229 1360 1299 1396 est
1330 1354 1452 1408 quod
1480 1352 1571 1395 sint
1598 1353 1810 1396 haereses
1836 1351 1884 1393 in

245 1430 488 1486 exercitijs,
514 1446 619 1474 nam
642 1445 732 1487 ego
755 1430 831 1473 illa
852 1430 990 1486 vidj.»

335 1508 542 1553 Salutaui
558 1507 948 1564 archiepiscopum
964 1507 1148 1550 nomine
1164 1509 1337 1564 Vegae,
1370 1507 1376 1564 Ι
1405 1506 1481 1562 qui
1499 1513 1597 1549 erat
1613 1505 1677 1548 illi
1694 1505 1883 1548 amicus:

246 1585 428 1642 rogauit
459 1584 585 1628 cuias
614 1600 777 1630 essem:
811 1599 951 1640 quum
980 1584 1157 1628 audiret
1184 1570 1543 1636 maioricensem,
1575 1582 1800 1638 quaesiuit
1828 1597 1887 1625 an

246 1677 392 1707 essem
420 1662 589 1706 lullista
616 1663 631 1683 ²
664 1663 804 1719 (quod
832 1661 1033 1706 intellexi
1064 1661 1241 1718 fuisse):
1273 1660 1458 1718 negaui.
1503 1662 1679 1716 «Quot,
1715 1659 1883 1715 inquit,

246 1740 355 1783 estis
372 1739 419 1783 in
437 1740 711 1784 Societate?»
738 1741 833 1783 «De
850 1739 1064 1796 professis
1082 1738 1295 1796 (inquam)
1314 1753 1499 1794 possum
1515 1738 1806 1794 respondere:
1829 1738 1886 1779 de

247 1817 344 1861 aliis
366 1832 457 1860 non
480 1817 634 1861 item.»
665 1828 809 1872 «1500
830 1816 955 1862 estis:
981 1831 1069 1872 ego
1092 1815 1202 1860 scio.
1229 1815 1421 1859 Habetis
1449 1815 1571 1858 viros
1599 1814 1776 1858 nobiles
1803 1814 1886 1857 ali-

247 1901 358 1950 quot
393 1902 439 1938 et
476 1896 649 1946 doctos,
691 1901 737 1938 et
765 1893 940 1948 aliquos
968 1893 1077 1936 mihi
1108 1892 1364 1945 familiares,
1412 1895 1465 1935 P.
1512 1891 1804 1936 Franciscum
1843 1897 1890 1934 et

246 1974 305 2016 D.
339 1973 542 2015 Torrem.
578 1972 806 2023 Toletum,
839 1970 876 2013 si
904 1970 1071 2023 velitis,
1103 1969 1273 2023 venite,
1304 1971 1362 2013 ad
1390 1984 1463 2014 me
1488 1968 1664 2023 venite;
1695 1969 1775 2012 sed
1803 1970 1890 2011 hac

246 2050 366 2105 lege,
391 2056 441 2091 vt
463 2048 691 2104 recipiatis
718 2049 952 2092 decretum
981 2054 1140 2090 contra
1166 2048 1468 2103 neophytos.»
1494 2045 1601 2090 Dixi
1623 2060 1708 2089 nos
1730 2046 1744 2067 ⁵
1775 2045 1890 2088 illud

246 2140 339 2169 non
376 2140 526 2183 posse,
562 2126 643 2170 sed
672 2124 1024 2181 simplicissime,
1056 2131 1105 2166 vt
1134 2138 1225 2167 non
1262 2123 1400 2166 fuerit
1436 2124 1653 2166 offensus.
1685 2123 1760 2165 16
1798 2122 1889 2165 Hic

246 2205 396 2247 bonus
417 2202 785 2259 archiepiscopus
807 2208 902 2247 erat
926 2201 1074 2245 alieno
1095 2201 1246 2244 animo
1268 2216 1294 2244 a
1317 2200 1561 2245 Societate.

340 2280 501 2324 Edicto
533 2280 830 2324 interdixerat
867 2278 993 2336 prius
1018 2278 1186 2321 nostris
1216 2293 1274 2322 ne
1307 2277 1352 2320 in
1384 2291 1469 2320 suo
1500 2276 1893 2333 archiepiscopatu

323 2458 331 2477 ¹
384 2455 468 2490 Fol.
492 2463 534 2499 14
553 2467 590 2489 v.
612 2465 751 2501 purum
769 2453 949 2488 relictum
968 2458 1043 2488 est.

318 2517 331 2536 ‘2
383 2514 428 2549 Id
446 2519 508 2549 est
524 2513 736 2549 Raimundi
754 2513 872 2548 Lullii
890 2513 1053 2548 assecla.
1074 2512 1257 2546 Natalem
1275 2516 1366 2546 ante
1385 2511 1522 2546 initam
1541 2510 1782 2546 Societatem
1800 2509 1889 2544 Lul-

248 2575 375 2610 lianae
396 2575 552 2609 scholae
571 2573 770 2608 addictum
789 2571 912 2607 fuisse
937 2577 1131 2607 assertum
1156 2569 1326 2605 vidimus
1345 2582 1366 2605 a
1392 2571 1443 2605 D.
1468 2571 1664 2616 JOSEPHO
1689 2570 1893 2615 QUADRA-

250 2642 321 2678 Do,
342 2633 470 2680 Epist.
493 2633 642 2676 Nadal,
664 2633 696 2678 Ι,
716 2632 776 2678 28,
795 2636 928 2667 annot.
950 2640 984 2666 2.
1005 2632 1187 2677 Quonam
1212 2629 1251 2665 id
1275 2630 1531 2665 fundamento
1555 2629 1713 2664 innixus
1737 2628 1777 2663 id
1799 2627 1893 2663 scri—

248 2693 371 2740 pserit
389 2692 454 2728 ille
468 2698 616 2738 auctor,
633 2693 871 2738 ignoramus.
887 2691 989 2726 Illud
1002 2696 1152 2725 certum
1168 2695 1229 2725 est
1255 2701 1304 2725 ex
1321 2689 1470 2725 Chron.
1487 2689 1644 2733 Natat„
1659 2701 1698 2724 n.
1715 2698 1775 2734 29,
1802 2699 1893 2723 eum

250 2752 299 2789 ad
317 2752 475 2788 domum
500 2752 705 2787 Trinitatis
730 2751 946 2787 secessisse
970 2755 1013 2786 ut
1037 2749 1179 2785 studiis
1205 2760 1363 2796 operam
1387 2754 1562 2784 navaret.
1590 2750 1635 2784 In
1665 2749 1732 2784 illa
1761 2751 1893 2783 autem

247 2813 364 2848 domo
378 2812 459 2859 jam
477 2824 499 2847 a
518 2811 650 2847 multis
669 2811 781 2847 annis
800 2811 930 2847 studia
944 2809 1104 2846 lulliana
1117 2809 1297 2845 floruisse
1312 2809 1458 2856 passim
1473 2809 1666 2844 affirmant
1681 2806 1896 2854 scriptores

245 2871 542 2918 majoricenses.
571 2871 671 2906 Vide
697 2872 943 2916 LAFUENTE,
969 2869 1157 2904 Historia
1187 2869 1234 2904 de
1265 2869 1327 2904 las
1356 2869 1709 2905 mziversidades...
1742 2878 1790 2902 en
1816 2865 1889 2901 Es—

239 2935 370 2979 pafia,
391 2937 423 2966 t.
448 2932 481 2978 Ι,
501 2942 588 2978 cap.
615 2940 671 2966 ΧΠ
691 2937 731 2966 et
750 2939 893 2966 xxvm.
1328 2939 1330 2941 ’

325 2992 339 3011 ⁵
389 2991 480 3037 Ms.‚
500 3002 591 3027 non.
