1958 3210
814 171 903 214 1558
1629 172 1670 205 61

52 273 266 319 Probauit
303 272 504 315 inchoari
541 271 959 328 congregationem.
995 273 1248 316 Benedixit.
1284 273 1523 329 Suppleuit
1551 274 1677 329 defe—

53 359 168 404 ctuS,
193 357 279 394 etc.
305 348 431 392 Dixit
452 356 684 404 praeterea
701 350 817 392 velle
834 364 917 392 nos
931 349 995 391 vti
1014 357 1169 393 nostra
1190 350 1413 403 libertate;
1436 357 1611 393 tantum
1631 357 1679 392 vt

52 427 286 471 interesset
308 425 653 481 congregationi
672 425 911 469 cardinalis
936 429 1170 470 Pachecus
1187 429 1288 470 loco
1307 427 1552 482 carpensis,
1574 442 1674 483 pro-

55 502 249 554 tectoris,
276 502 352 557 qui
375 509 471 546 erat
492 503 656 545 absens
684 504 710 545 ¹.

138 578 313 622 Detulit
336 581 388 621 P.
417 579 650 622 Salmeron
674 580 729 621 ad
750 582 929 622 Patrem
946 579 1163 622 vicarium
1181 580 1361 624 audisse
1378 595 1426 624 se
1445 596 1469 623 a
1489 583 1540 623 P.
1563 582 1668 625 Leo-

54 657 207 708 nardo,
231 662 405 699 rectore
427 655 689 706 coloniensi,
717 657 837 710 quod
860 656 1030 698 diceret
1054 658 1105 698 P.
1133 656 1371 699 Cornelius
1398 657 1679 700 wischauen

54 736 104 776 P.
117 733 321 776 Natalem
340 732 543 775 futurum
561 734 836 788 generalem:
852 733 994 774 mouit
1010 735 1096 775 hoc
1117 735 1297 776 Patrem
1314 733 1547 785 vicariurn,
1569 749 1679 777 con-

53 808 222 852 uocatis
245 808 416 863 aliquot
439 808 667 861 Patribus,
694 816 739 852 et
761 809 878 853 inter
908 824 984 852 eos
1003 809 1167 852 Natali:
1188 810 1422 865 proposuit
1445 825 1560 864 quae
1580 812 1674 853 111

53 885 268 929 audierat:
295 885 483 941 negauit
505 899 553 927 se
582 885 822 940 quicquam
853 885 966 928 scire
992 888 1043 928 P.
1072 887 1345 929 Euerardus:
1372 887 1547 929 Natalis
1569 887 1682 930 dixit

53 961 222 1005 nescire
245 962 352 1017 quid
374 961 445 1017 alij
472 962 628 1004 dicunt
651 964 707 1005 de
729 976 794 1013 se,
826 977 910 1004 nec
939 976 1113 1006 curare:
1148 965 1307 1006 Patres
1334 978 1466 1018 posse
1495 965 1680 1008 credere

55 1039 175 1094 quod
196 1039 379 1082 vellent:
406 1053 454 1081 se
476 1053 567 1081 non
590 1046 863 1081 commotum
887 1039 955 1091 iri,
982 1041 1068 1081 X.0
1094 1038 1306 1094 propitio,
1331 1041 1466 1082 modo
1492 1047 1656 1085 testare
1672 1068 1681 1072 -

55 1122 126 1158 tur
147 1129 296 1158 coram
318 1117 417 1158 Deo
439 1115 601 1158 iniuria
623 1115 667 1157 id
689 1115 840 1158 vocari
864 1115 909 1158 in
932 1116 1276 1159 dubitationem:
1304 1124 1349 1160 et
1373 1123 1522 1160 tamen
1540 1116 1678 1160 inter—

55 1191 234 1248 rogauit
251 1207 303 1235 ea
319 1193 376 1236 de
399 1206 446 1234 re
466 1195 601 1235 Pater
618 1192 813 1235 vicarius
837 1207 915 1248 per
938 1194 1206 1245 Polancum,
1227 1193 1302 1247 qui
1320 1193 1591 1237 videbantur
1610 1194 1680 1236 in-

56 1269 328 1325 terrogandi,
355 1269 430 1324 qui
454 1283 594 1324 quum
617 1283 774 1313 omnes
797 1277 1019 1325 negarent
1042 1284 1091 1312 se
1113 1268 1353 1324 quicquam
1378 1269 1508 1322 scire,
1539 1270 1682 1314 desti-

55 1346 106 1388 tit
129 1348 262 1389 Pater
283 1346 492 1389 vicarius.
525 1346 530 1403 Ι
561 1359 611 1389 21
639 1346 751 1402 Iunij
777 1354 963 1402 coeptae
986 1354 1092 1388 sunt
1119 1346 1276 1389 haberi
1299 1347 1683 1403 congregationes

54 1424 108 1465 de
129 1422 198 1478 ijs,
223 1437 339 1478 quae
361 1430 457 1466 erat
479 1437 716 1466 necessum
746 1423 1025 1466 constituere
1053 1430 1158 1466 ante
1186 1423 1471 1466 electionem.
1506 1425 1624 1468 Sunt
1655 1437 1681 1478 7

50 1500 207 1543 diebus
227 1499 369 1542 habiti
391 1507 662 1544 conuentus:
689 1507 860 1553 extant,
881 1514 998 1554 quae
1015 1499 1202 1542 definita
1218 1507 1340 1551 sunt,
1362 1500 1408 1542 in
1427 1500 1538 1543 actis
1556 1500 1679 1556 prio—

54 1576 176 1619 ribus
198 1576 363 1632 primae
386 1576 772 1632 congregationis,
797 1583 842 1619 et
864 1575 989 1619 iuxta
1012 1578 1122 1618 haec
1139 1583 1239 1618 acta
1258 1584 1483 1620 transacta
1501 1584 1569 1621 est
1587 1578 1679 1622 ele-

56 1653 160 1696 ctio:
186 1654 231 1696 in
259 1653 371 1697 actis
400 1668 507 1697 vero
539 1653 862 1709 posterioribus
895 1653 1064 1696 dictum
1095 1668 1229 1709 quarn
1259 1654 1577 1696 authoritatem
1606 1654 1683 1697 illa

55 1737 152 1773 acta
173 1730 320 1786 priora
341 1738 492 1774 essent
513 1730 723 1773 habitura
744 1730 790 1772 in
817 1729 1142 1786 posterioribus
1167 1741 1274 1773 λᾶε.
1302 1731 1420 1774 Sunt
1443 1733 1681 1774 emendata

57 1807 201 1862 aliqua
223 1823 278 1851 ex
301 1815 442 1863 parte,
469 1807 555 1850 alia
577 1808 857 1850 confirmata.

140 1885 294 1928 Voluit
321 1900 524 1928 summus
552 1884 754 1940 pontifex
780 1884 1043 1927 refllzferri
1072 1886 1128 1926 ad
1160 1899 1210 1927 se
1238 1900 1315 1940 per
1342 1885 1682 1928 alexandrinum

55 1968 99 2004 et
125 1968 379 2005 tranensem
408 1963 464 2004 de
493 1961 665 2005 ratione
693 1960 940 2004 electionis:
974 1961 1182 2016 probauit
1214 1961 1379 2014 omnia,
1406 1970 1582 2017 praeter
1603 1977 1682 2004 ex—

56 2038 485 2081 communicationes
507 2037 604 2080 illas
626 2052 825 2089 seueras,
851 2045 959 2090 etc.;
986 2038 1066 2080 sed
1089 2039 1144 2080 de
1165 2038 1236 2080 his
1257 2038 1303 2079 in
1326 2038 1438 2080 actis
1460 2038 1686 2094 prioribus

53 2114 170 2158 illius
191 2114 572 2172 congregationis.
599 2114 725 2157 Dixit
747 2129 839 2157 non
862 2129 962 2157 esse
983 2115 1239 2180 absentium
1272 2115 1489 2171 suffragia
1519 2115 1681 2157 admit—

56 2194 202 2235 tenda.
229 2194 492 2235 Inchoatum
516 2191 805 2248 quatriduum
831 2192 884 2234 28
908 2191 1038 2247 Iunij.
1065 2191 1238 2234 Indicta
1264 2191 1448 2243 ieiunia,
1480 2192 1683 2247 flagella»

58 2268 218 2321 tiones,
242 2268 421 2322 missae,
446 2276 552 2312 etc.:
580 2269 698 2311 facta
720 2275 788 2311 est
809 2267 1066 2311 informatio
1087 2283 1143 2311 ex
1166 2269 1376 2320 formula,
1403 2268 1445 2309 in
1466 2283 1554 2323 qua
1571 2268 1684 2311 illud

59 2353 125 2389 est
145 2346 438 2388 dificillimum
461 2352 506 2389 et
528 2346 711 2401 plenum
739 2345 955 2401 periculo,
981 2352 1030 2387 vt
1052 2346 1183 2400 plane
1206 2345 1263 2387 sit
1292 2359 1527 2388 necessum
1565 2345 1684 2390 inter

57 2423 274 2466 electores
290 2423 468 2479 vulgari
484 2422 634 2465 omnia
651 2423 767 2466 mala
783 2422 1093 2478 primariorum
1114 2424 1317 2473 Patrum,
1338 2421 1470 2464 etiam
1489 2429 1679 2475 secreta,

59 2501 188 2542 modo
211 2515 267 2543 ne
287 2499 333 2542 in
356 2499 639 2543 confessione
667 2499 673 2556 Ι
700 2499 1012 2542 sacramentali
1034 2498 1250 2551 sciantur,
1271 2499 1392 2552 quod
1409 2513 1500 2540 non
1522 2499 1684 2555 singu-

58 2576 148 2620 lare
169 2576 488 2619 detrimentum
513 2577 672 2619 afferre
693 2582 844 2631 potest
867 2575 1103 2619 Societati.

145 2654 368 2696 Absoluta
401 2654 513 2695 hora
549 2651 780 2704 orationis,
821 2651 1060 2695 cardinalis
1098 2653 1349 2703 Pachecus,
1385 2650 1461 2705 qui
1499 2651 1682 2695 nomine

59 2730 185 2772 Pauli
207 2729 419 2772 intererat
441 2727 667 2780 electioni,
686 2735 789 2784 post
811 2741 970 2783 pauca,
991 2742 1108 2782 quae
1126 2728 1181 2769 ad
1201 2727 1557 2770 exhortationem
1577 2728 1681 2770 atti-

57 2807 237 2858 nebant,
262 2805 373 2848 dixit
394 2805 677 2848 obseruanda
698 2804 744 2846 in
766 2803 1003 2858 electione,
1028 2810 1077 2845 vt
1099 2802 1294 2859 eligatur
1311 2803 1557 2859 legitimus,
1579 2818 1683 2860 pro—

57 2882 187 2926 batae
210 2882 326 2924 vitae
348 2888 393 2925 et
415 2894 551 2924 sanae
572 2880 817 2923 doctrinae:
844 2879 1075 2924 dubitasse
1106 2880 1298 2922 Paulum
1321 2895 1377 2923 an
1406 2887 1525 2924 esset
1558 2881 1684 2922 futu-

131 2973 141 2992 ¹
190 2970 446 3014 SACCHINUS,
465 2971 538 3004 loc.
555 2969 638 3010 cit„
658 2981 724 3004 nn.
749 2977 804 3014 17,
828 2968 887 3003 18.

198 3041 311 3069 prsr.
329 3041 365 3070 P.
386 3040 516 3074 NADAL,
534 3043 615 3068 ’rom'
635 3039 678 3067 11.
1487 3045 1504 3065 o
