1958 3210
269 203 339 248 460
840 205 978 239 EPIST.
1007 205 1050 239 P.
1079 204 1349 252 NADAL—334

269 311 445 348 mutare
466 305 497 347 il
519 306 576 347 D.
620 304 904 348 Theodorico
932 306 939 326 ¹
972 306 1029 348 de
1059 307 1300 350 Monachio
1331 323 1410 364 per
1438 308 1624 366 Dilinga
1649 312 1910 355 mandando

268 381 314 423 in
332 396 415 424 suo
433 382 573 437 luogo
592 381 622 423 il
641 384 692 424 Ρ.
706 381 872 434 Dirsio,
893 382 1036 439 hoggi
1054 382 1123 440 [si]
1143 385 1200 426 ha
1217 384 1374 427 scritto
1391 387 1475 429 che
1493 401 1584 429 non
1596 402 1703 443 pare
1720 403 1746 430 a
1763 389 1821 432 N.
1845 390 1899 432 P.

269 466 314 502 et
336 473 426 500 non
449 459 585 500 credo
607 458 820 502 sarrebbe
841 458 1013 514 piccola
1033 460 1280 504 tentatione
1303 476 1382 517 per
1404 462 1541 517 quelli
1564 464 1803 508 consiliarii
1831 468 1907 512 del

267 536 383 577 duca
406 537 490 579 che
514 542 715 592 tengono
737 535 784 579 in
807 551 919 592 gran
944 544 1079 579 conto
1101 536 1134 580 il
1157 541 1328 582 rettor'.
1354 541 1451 583 Ben
1479 540 1516 582 51
1541 542 1656 585 uede
1689 543 1796 597 pero
1819 546 1905 589 che

267 613 291 655 ε
315 612 567 655 necessario
597 620 749 655 trouar
778 628 840 655 un
868 628 979 669 capo
1010 629 1090 670 per
1112 615 1312 671 Dilinga‚
1346 617 1538 660 essendo
1567 618 1609 660 13
1644 619 1905 674 prouisione
1932 611 1938 613 ‚

266 690 350 732 che
371 691 429 733 ha
454 690 563 732 fatta
581 691 638 733 V.
665 692 719 733 R.
746 691 905 734 adesso
929 691 988 733 ad
1010 695 1198 748 tempus.

357 780 398 821 3.
465 768 585 822 Quel
608 769 665 810 D.
700 769 910 810 Emundo
934 769 990 811 de
1012 769 1168 824 Ispruc
1196 771 1254 812 ha
1283 770 1371 813 ben
1398 771 1440 814 le
1467 770 1583 827 parti
1611 773 1906 817 conuenienti

265 858 344 899 per
366 845 470 899 quel
494 845 667 897 effett03
695 860 783 897 ma,
816 846 930 888 oltra
953 845 997 888 di
1021 860 1144 889 esser
1166 861 1303 899 nouo,
1329 849 1387 891 ha
1416 848 1685 892 cominciato
1709 865 1734 892 a
1756 850 1909 906 piacer

265 922 405 964 molto
427 922 472 963 in
505 923 676 978 Ispruc,
703 931 747 966 et
770 937 860 965 non
899 938 1007 979 pare
1029 923 1066 966 51
1089 938 1281 979 possano
1321 926 1450 981 patir'
1492 933 1617 970 tante
1648 927 1904 983 mutationi3

265 1014 338 1041 ma
360 1000 431 1041 001
453 1006 605 1055 tempo
628 1013 677 1042 se
699 1002 829 1055 potra
851 1001 939 1043 ben
963 1001 1029 1043 far
1052 1000 1243 1058 disegno
1266 1016 1399 1058 sopra
1421 1002 1467 1045 di
1488 1003 1550 1046 lui
1572 1019 1652 1059 per
1669 1004 1779 1060 ogni
1800 1019 1906 1050 cosa

264 1077 320 1119 de
358 1075 650 1132 importanza.
692 1076 855 1120 Faccia
893 1079 950 1120 V.
987 1079 1040 1121 R.
1075 1092 1204 1121 como
1233 1079 1400 1135 meglio
1429 1079 1459 1121 li
1480 1082 1654 1136 parera.
1687 1081 1775 1125 Gia
1802 1097 1851 1127 5ε
1873 1083 1904 1125 11

264 1154 389 1197 dette
417 1152 546 1196 auiso
574 1154 631 1198 de
668 1154 757 1196 don
781 1154 932 1210 Luygi
962 1155 994 1208 ²,
1028 1162 1072 1199 et
1101 1155 1144 1197 io
1167 1169 1335 1199 ancora
1364 1156 1455 1216 [ho]
1484 1158 1657 1213 parlato
1685 1173 1817 1214 sopra
1838 1160 1903 1202 lui

265 1232 307 1274 31
334 1231 576 1284 cardinale,
617 1238 662 1275 et
698 1233 842 1275 anche
864 1232 901 1275 51
938 1233 1063 1277 (1ε11ε
1100 1233 1226 1276 311150
1254 1234 1326 1278 del
1365 1236 1417 1277 P.
1461 1236 1634 1279 Urtado
1672 1237 1703 1288 ⁵,
1730 1235 1759 1278 il
1797 1238 1902 1292 qual

264 1309 447 1363 quando
468 1308 649 1352 hauessi
672 1310 777 1352 dato
801 1324 891 1352 una
916 1309 1031 1353 uista
1049 1325 1074 1353 a
1097 1310 1308 1364 Casouia,
1334 1318 1378 1354 et
1400 1311 1586 1355 13501310
1609 1314 1800 1368 qualche
1829 1329 1903 1357 or-

265 1385 386 1438 dine,
411 1393 712 1442 presupposto
735 1388 820 1431 che
837 1402 928 1430 non
952 1387 988 1429 51
1007 1388 1123 1432 deue
1144 1389 1347 1431 confinar
1369 1390 1412 1432 la
1438 1404 1519 1445 per
1545 1396 1666 1434 stare
1695 1391 1781 1433 alla
1803 1392 1904 1434 lon-

264 1477 341 1519 ga,
367 1463 586 1518 potrebbe
610 1464 727 1507 forse
749 1464 915 1508 leuarsi
938 1465 1055 1507 della
1077 1465 1314 1520 prouincia
1336 1466 1393 1508 de
1410 1466 1614 1520 Austria,
1635 1475 1680 1511 et
1698 1467 1905 1524 agiutare

264 1540 294 1582 il
332 1540 525 1596 collegio
562 1541 618 1585 de
647 1540 849 1598 Dilinga3
890 1549 936 1584 et
972 1543 1085 1585 altro
1108 1541 1152 1584 di
1190 1557 1279 1598 qua
1310 1558 1402 1585 non
1439 1558 1624 1588 occorre
1660 1544 1836 1590 auisare
1858 1544 1906 1588 in

264 1625 426 1672 questo
449 1632 570 1660 caso.

352 1708 395 1749 4.
462 1697 531 1739 De
569 1695 747 1740 Vienna
784 1696 993 1739 habiamo
1026 1697 1152 1739 auiso
1191 1698 1275 1741 che
1308 1699 1452 1740 anche
1479 1697 1510 1740 11
1540 1711 1564 1753 3
1595 1698 1831 1741 coadiutor
1853 1713 1902 1743 5ε

264 1773 409 1816 3111310
433 1773 466 1826 ¹⁴,
506 1780 551 1816 et
593 1788 704 1829 pure
733 1775 819 1817 che
851 1788 926 1816 era
965 1781 1170 1830 campato
1204 1775 1301 1818 cola
1334 1775 1480 1831 gratia
1516 1775 1686 1828 diuina,
1727 1782 1773 1818 et
1795 1790 1902 1832 pare

265 1850 401 1893 fanno
424 1858 558 1893 conto
580 1851 637 1894 de
654 1850 923 1893 cominciare
940 1865 1071 1893 corso
1090 1865 1228 1903 nouo,
1248 1858 1294 1894 et
1312 1851 1357 1893 in
1374 1852 1524 1907 quello
1541 1853 1766 1896 uoleuano
1784 1860 1901 1895 met-

264 1933 359 1971 tere
381 1927 411 1969 11
442 1930 492 1971 Ρ.
531 1929 645 1984 Spes
676 1929 707 1981 5;
740 1928 803 1970 1111
842 1928 949 1984 pero
986 1929 1011 1971 e
1049 1928 1165 1971 assai
1198 1943 1360 1972 auerso
1387 1929 1433 1971 di
1462 1936 1623 1984 questo
1653 1929 1805 1972 studio
1843 1930 1900 1974 de

262 2006 503 2057 summule,
529 2013 574 2048 et
596 2005 811 2049 inclinato
834 2021 859 2049 a
887 2005 985 2048 odir
1006 2006 1048 2048 13
1072 2006 1317 2062 theologia,
1344 2013 1389 2050 et
1412 2002 1437 2049 a
1458 2008 1515 2050 N.
1543 2008 1596 2049 P.
1622 2021 1714 2049 non
1742 2007 1772 2049 li
1794 2021 1902 2063 pare

261 2083 378 2126 male
400 2083 560 2126 1350131
582 2083 716 2140 gliela
740 2083 883 2135 udire,
910 2090 954 2127 et
972 2098 1019 2126 se
1038 2086 1167 2139 potra
1183 2085 1327 2126 anche
1345 2083 1564 2140 agiutarsi
1583 2085 1776 2139 qualche
1793 2098 1900 2127 cosa

262 2160 379 2202 nelle
401 2159 501 2212 arti,
527 2162 611 2204 che
633 2161 676 2203 lo
694 2160 835 2203 faccia
850 2160 1052 2214 insieme3
1075 2162 1240 2216 perche
1257 2175 1349 2203 non
1366 2160 1403 2203 51
1422 2161 1465 2204 fa
1482 2167 1620 2203 conto
1637 2163 1720 2203 che
1738 2161 1899 2204 debbia

262 2251 413 2280 essere
436 2238 577 2280 molto
602 2238 791 2280 fundato
813 2238 932 2282 nelle
954 2237 1157 2290 scientie,
1183 2244 1228 2281 et
1249 2251 1329 2294 per
1351 2240 1493 2281 hauer
1515 2253 1605 2280 una
1627 2237 1899 2282 sufficientia

261 2329 340 2370 per
358 2314 388 2356 il
410 2314 642 2370 predicare
664 2329 725 2359 un
748 2329 861 2370 poco
884 2322 929 2358 et
961 2316 1234 2367 confessam,
1267 2329 1359 2357 non
1387 2317 1509 2358 serra
1546 2314 1896 2358 inconueniente

260 2390 463 2436 lasciarle
486 2391 658 2435 Studiar
681 2406 808 2436 come
829 2392 892 2435 lui
915 2392 1135 2436 desidera.

352 2479 392 2523 5.
459 2470 544 2512 Del
565 2483 780 2525 procurat
800 2469 831 2511 li
854 2468 972 2513 Sotti
994 2470 1036 2511 31
1059 2468 1160 2511 finir
1183 2469 1255 2513 del
1278 2469 1468 2512 concilio
1490 2476 1535 2513 et
1557 2468 1587 2511 li
1605 2468 1837 2521 Valdensi,
1858 2467 1894 2511 si

261 2546 356 2588 fara
378 2545 614 2602 diligentia
636 2548 666 2587 ⁶.

336 2666 343 2685 ¹
396 2664 443 2707 P.
468 2663 732 2699 Theodorieus
757 2663 959 2699 Canisius.

330 2726 344 2744 ‘2
396 2724 444 2758 Ρ.
474 2723 696 2759 Ludovieus
721 2724 770 2758 de
795 2723 1005 2768 Mendoza,
1030 2723 1078 2758 de
1110 2734 1186 2769 quo
1210 2723 1366 2769 saepius
1397 2723 1544 2759 dietum
1576 2729 1636 2759 est
1667 2723 1706 2759 in
1730 2724 1790 2760 his
1818 2724 1895 2771 epi-

261 2782 389 2817 stolis.

331 2844 344 2863 ⁵
395 2843 441 2877 P.
467 2843 667 2877 Hurtadus
686 2843 826 2877 Perez.

330 2904 344 2922 ⁴
395 2902 494 2937 Vide
514 2903 634 2948 epist.
658 2901 727 2936 323
747 2914 789 2937 n.
813 2901 848 2946 33
869 2901 953 2947 325,
973 2913 1016 2936 n.
1039 2901 1075 2945 63
1097 2905 1136 2935 et
1155 2899 1242 2946 327.

331 2963 344 2982 ⁵
395 2961 559 2997 Michael
579 2962 695 3008 Spes.
721 2961 820 2996 Vide
840 2960 1030 3008 append.,
1051 2961 1085 2996 I.

330 3022 345 3042 ⁶
394 3020 523 3067 Opera
542 3022 692 3057 scilicet
710 3020 906 3056 Dominici
924 3020 972 3055 de
992 3020 1101 3065 Soto,
1120 3019 1168 3057 O.
1191 3020 1258 3064 P.,
1279 3025 1318 3055 et
1336 3020 1507 3056 Thomae
1527 3020 1746 3057 Valdensis.
