1958 3210
875 198 958 234 155Ι
1710 193 1731 229 5

105 295 210 338 ralis
231 286 481 350 gerendum
506 294 557 334 P.
585 291 827 347 Ignatium‚
854 305 958 333 nam
980 296 1182 343 sanctus,
1208 288 1369 343 inquit,
1396 290 1532 331 homo
1553 286 1733 329 dicebat

106 385 155 414 se
177 385 268 413 non
283 384 382 413 esse
403 375 573 424 aptum:
598 367 644 410 id
666 367 812 423 ipsum
835 368 1034 418 credere,
1060 372 1142 409 etc.
1167 367 1206 408 1t
1227 364 1443 421 magister
1473 365 1654 419 Laynez
1676 364 1733 405 ad

108 448 276 491 bellum
298 444 666 502 aphrodisianum
696 459 799 487 cum
829 446 995 488 Ioanne
1019 445 1164 498 Vega.
1191 442 1325 485 Redit
1353 444 1556 492 Romam,
1588 454 1733 496 expu-

108 530 248 580 gnato
264 521 555 578 Aphrodisio.
576 521 655 564 28
672 523 909 565 Venerunt
932 522 1118 563 Romam
1144 521 1190 562 P.
1217 520 1252 561 F
1256 518 1485 561 ranciscus
1508 518 1553 559 in
1574 516 1732 559 habitu

107 600 254 642 adhuc
276 598 420 650 ducis,
446 613 549 641 cum
572 613 654 641 sua
677 597 857 649 familia,
882 596 1057 640 etiamsi
1079 603 1252 639 secrete
1274 601 1393 638 esset
1415 610 1471 637 ex
1498 594 1734 649 dispensa-

110 675 230 719 tione
259 676 502 731 professus.
535 676 588 717 P.
616 675 782 726 AraOZ,
810 676 861 716 P.
895 673 1101 724 Ouedus,
1136 674 1187 714 P.
1222 671 1385 722 Miron,
1420 674 1471 713 P.
1509 670 1732 722 Stradius,

110 754 162 796 P.
189 754 354 807 Royas,
382 754 434 794 P.
467 751 719 803 Tablarius,
751 750 966 806 magister
990 750 1224 801 Emanuel,
1251 748 1280 790 ii
1307 749 1317 769 ¹
1343 747 1530 790 comites
1552 748 1735 789 fuerunt

109 828 234 873 Patri
254 830 290 871 F
293 828 510 872 rancisco.
536 828 611 871 Ad
632 827 807 869 initium
831 825 1110 881 insequentis
1138 824 1243 868 anni
1272 824 1397 867 venit
1425 826 1611 866 Romam
1639 838 1735 864 ma—

108 906 250 962 gister
272 905 442 950 Simon.
470 907 640 948 Romae
661 912 789 947 erant
811 918 914 946 cum
938 906 991 946 P.
1018 902 1211 959 Ignatio,
1239 904 1290 944 P.
1325 903 1521 956 LayneZ,
1549 902 1601 943 P.
1635 900 1736 943 Sal—

109 997 279 1034 meron,
301 984 354 1024 P.
376 982 543 1034 Miona,
566 984 617 1024 P.
639 983 674 1024 F
678 980 843 1032 rusius,
866 982 918 1023 P.
940 981 1181 1031 Polaneus,
1202 986 1288 1023 etc.
1322 978 1327 1035 Ι
1356 976 1737 1032 Archiepiscopus

109 1060 336 1103 toletanus
363 1058 555 1103 Siliceus
591 1057 637 1099 in
675 1057 895 1113 Hispania
931 1056 1216 1113 persequitur
1253 1054 1543 1107 Societatem,
1574 1053 1620 1095 in
1656 1067 1739 1095 sua

108 1135 299 1187 diocesi,
330 1150 382 1178 ac
410 1135 602 1191 publicis
628 1134 787 1178 edictis
814 1133 1042 1177 interdicit
1069 1148 1127 1176 ne
1160 1132 1463 1188 suscipiantur
1500 1130 1657 1173 nostri.
1689 1131 1739 1172 In

110 1214 304 1257 insulam
332 1215 546 1269 Iaponam
573 1212 811 1268 nauigauit
838 1211 1055 1267 magister
1082 1210 1367 1263 Franciscus,
1393 1208 1470 1251 vbi
1497 1207 1628 1264 primi
1661 1222 1741 1264 per

110 1290 259 1347 ipsum
299 1290 403 1334 tacti
431 1297 538 1333 sunt
575 1289 779 1332 homines
815 1288 1067 1332 christiani:
1100 1302 1179 1331 sex
1217 1285 1419 1341 ecclesijs
1449 1285 1664 1337 fundatis,
1697 1292 1741 1327 et

112 1367 234 1411 mille
261 1367 546 1423 quingentis,
578 1367 679 1422 plus
707 1365 872 1418 minus,
904 1364 1142 1421 baptizatis
1179 1363 1454 1415 hominibus,
1481 1362 1613 1418 redijt
1641 1368 1741 1418 post

111 1444 343 1488 biennium
378 1444 425 1486 in
462 1443 648 1487 Indiam.
704 1442 992 1487 Perturbatio
1034 1457 1112 1497 per
1154 1441 1414 1497 episcopum
1459 1438 1741 1495 tyburtinum

114 1529 296 1579 propter
318 1521 524 1565 Lucium.

204 1648 284 1691 29
416 1691 424 1698 ,
861 1652 996 1697 [15]51

207 1766 290 1811 3.0
316 1755 389 1798 die
418 1754 627 1809 Ianuarij,
653 1753 794 1797 literis
821 1768 904 1796 sua
926 1768 1061 1796 manu
1090 1751 1290 1809 scriptis,
1316 1751 1452 1795 cessit
1480 1765 1565 1795 suo
1595 1750 1742 1793 officio

117 1831 341 1890 generalis
363 1830 622 1888 praepositi,
647 1829 811 1874 additis
838 1830 1103 1883 rationibus,
1131 1831 1180 1872 P.
1210 1828 1429 1886 Ignatius.
1463 1826 1745 1884 Congregati

120 1912 277 1953 Patres
305 1923 397 1950 non
425 1907 704 1951 admiserunt
731 1907 828 1950 eius
857 1906 1123 1951 cessionem.
1156 1906 1290 1950 Solus
1320 1905 1405 1947 fuit
1439 1907 1492 1948 P.
1534 1904 1741 1955 Ouedus,

118 1986 197 2042 qui
218 1985 330 2028 dixit
351 2000 400 2028 se
421 1984 604 2040 quidem
626 1991 864 2040 propterea
885 1983 1052 2028 sentire
1077 1985 1127 2026 P.
1161 1982 1389 2039 Ignatium
1411 1996 1503 2024 non
1525 1995 1625 2025 esse
1646 1980 1748 2023 ido—

117 2077 271 2115 neum,
303 2063 427 2118 quod
462 2061 537 2106 ille
572 2061 635 2104 ita
662 2061 846 2108 diceret.
879 2061 1099 2104 Discessit
1137 2062 1189 2103 P.
1223 2059 1492 2103 Franciscus
1520 2073 1624 2101 cum
1654 2057 1748 2100 suis

119 2141 285 2191 Roma,
322 2138 487 2183 relictis
515 2138 719 2194 pecuniis
757 2139 814 2181 ad
851 2137 1160 2181 fundationem
1197 2136 1378 2193 collegii
1406 2134 1595 2187 romani,
1626 2135 1748 2190 quod

118 2219 206 2260 hoc
228 2230 347 2259 anno
368 2223 438 2259 est
460 2216 715 2267 fundatum,
735 2222 782 2258 et
803 2221 985 2270 apertae
1006 2215 1189 2258 scholae
1205 2214 1371 2257 latinae
1392 2213 1591 2269 linguae,
1614 2225 1747 2268 grae—

119 2308 202 2338 cae
238 2301 283 2338 et
319 2293 572 2337 hebraicae.
604 2293 610 2349 Ι
640 2295 692 2335 Ρ.
727 2292 996 2336 Franciscus
1024 2293 1197 2335 cultum
1235 2291 1484 2335 secularem
1522 2287 1662 2340 exuit,
1703 2296 1749 2331 et

118 2370 337 2415 ditionem
365 2370 484 2414 cedit
520 2370 628 2422 filio,
660 2371 712 2412 fit
739 2370 968 2421 sacerdos,
1010 2376 1055 2413 et
1082 2369 1293 2412 inchoato
1322 2366 1513 2422 collegio
1551 2365 1746 2417 oniateo,

121 2447 294 2492 secedit
321 2447 368 2490 in
390 2447 698 2500 Cantabriam,
730 2446 1042 2498 concionatur,
1073 2444 1327 2490 emendicat
1354 2458 1521 2499 magna
1547 2442 1749 2486 omnium

123 2524 435 2569 aedificatione
463 2531 508 2567 et
537 2524 702 2567 fructu.
735 2525 811 2567 Ad
837 2530 1009 2579 patrem
1038 2524 1073 2566 F
1077 2522 1329 2566 ranciscum
1358 2520 1549 2565 veniunt
1570 2522 1623 2563 P.
1650 2521 1750 2563 An-

122 2601 247 2645 tonio
269 2599 362 2659 [sic]
389 2617 414 2645 a
436 2602 664 2654 Corduba,
693 2604 744 2644 P.
767 2600 1123 2652 Bustamantius,
1146 2602 1192 2642 P.
1231 2598 1454 2644 Sanchius
1477 2613 1503 2641 a
1546 2597 1747 2649 Castilia,

119 2685 168 2722 et
189 2679 260 2734 alij
285 2678 459 2723 nobiles
486 2678 678 2734 hispani,
710 2686 755 2721 et
784 2693 863 2734 per
889 2677 1103 2721 exercitia
1126 2678 1182 2719 ad
1205 2675 1479 2720 Societatem
1511 2681 1747 2718 vocantur.

122 2756 387 2800 Inchoatum
410 2756 652 2812 collegium
689 2757 919 2812 burgense
946 2769 1026 2811 per
1055 2754 1279 2799 Stradam.
1312 2754 1577 2796 Inchoatum
1613 2752 1753 2795 colle-

122 2832 250 2888 gium
286 2833 588 2876 florentinum.
615 2834 826 2877 Genuam
857 2832 1022 2875 missus
1052 2833 1113 2874 M.
1150 2832 1346 2887 Laynez.
1381 2832 1555 2874 Domus
1589 2830 1754 2886 proba-—

202 3000 214 3020 ¹
263 3002 352 3044 Ms.,
371 3001 445 3046 hij.
