1958 3210
244 141 315 176 666
866 141 1009 175 EPIST.
1037 140 1083 174 P.
1118 140 1269 178 NADAL

242 243 390 286 eidem
413 240 681 285 breuissime
703 241 994 284 declararem.
1021 242 1092 284 Ac
1116 241 1227 284 illud
1250 241 1453 298 inprimis
1483 257 1595 299 rogo
1618 252 1662 288 et
1677 234 1883 288 'obsecro

244 317 269 345 a
293 303 344 344 T.
379 301 489 344 Rda.
520 302 572 343 Ρ.
606 306 656 342 ut
695 299 947 356 predictum
988 302 1171 344 Patrem
1209 303 1266 344 D.
1301 301 1551 355 Canisium,
1586 304 1719 347 rebus
1749 304 1881 348 isthic

246 361 463 404 foeliciter
486 358 704 402 confectis
733 360 790 401 ad
822 359 908 402 Dei
936 359 1260 415 omnipotentis
1299 360 1505 416 gloriam,
1542 363 1630 404 huc
1654 365 1803 407 statim
1826 365 1883 407 ad

245 435 372 463 suam
406 433 616 471 messem,
643 432 835 473 eamque
858 419 943 462 Dei
981 434 1167 462 munere
1200 419 1489 474 uberrimam,
1524 421 1738 475 remittat,
1767 430 1815 466 ut
1838 431 1883 467 et

244 494 355 522 oues
378 479 466 521 iam
489 477 536 519 in
554 477 723 521 Christi
746 478 865 522 ouile
888 479 1103 522 reductae
1120 487 1465 531 conseruentur,
1487 486 1532 522 et
1548 482 1762 525 seductae
1779 483 1882 538 plu-

245 554 315 581 res
339 537 542 593 quotidie
565 538 620 580 ad
644 537 763 581 idem
785 537 905 581 ouile
925 537 1142 580 foeliciter
1161 539 1455 581 reducantur.
1485 539 1686 592 Utinam,
1709 541 1882 584 utinam

246 612 354 640 uero
378 599 594 653 Augusta
616 604 769 639 nostra
791 597 944 652 plures
962 612 1017 639 ex
1034 599 1119 641 hac
1138 597 1333 640 nominis
1350 600 1457 655 Jesv
1482 606 1637 642 sancta
1655 600 1882 645 Societate

243 656 452 712 accipiat,
485 657 869 711 quemadmodum
907 656 1034 700 breui
1065 656 1247 711 quidem
1283 658 1376 700 fore
1409 658 1540 701 ualde
1573 673 1806 714 speramus
1837 660 1883 702 in

245 716 456 769 Domino,
483 715 560 772 qui
584 715 821 758 auxiliator
850 723 918 759 est
941 715 988 758 in
1017 724 1218 771 tempore
1251 724 1490 772 oportuno.
1524 718 1715 770 Deinde,
1748 734 1881 774 quam

245 791 428 832 possum
452 775 661 827 maxime,
689 782 812 817 tuam
836 776 995 817 Rdam.
1025 776 1350 820 Paternitatem
1368 784 1572 832 rogatam
1592 785 1637 821 et
1654 785 1882 821 exoratam

246 835 397 887 uelim,
424 841 475 877 ut
498 834 586 877 mei
609 834 874 890 peccatricis
897 834 1102 887 miserae,
1130 850 1181 878 ac
1205 835 1417 891 precipue
1440 836 1584 878 mariti
1615 837 1701 879 mei
1724 837 1769 879 in
1793 839 1882 882 fide

245 896 393 938 adhuc
417 909 507 936 non
532 894 639 937 satis
657 894 927 946 confirmati,
948 909 1000 936 ac
1019 895 1200 938 demum
1218 895 1412 937 filiorum
1431 903 1704 949 nostrorum,
1726 897 1771 939 in
1789 899 1884 940 col—

244 955 364 1011 legio
383 954 577 997 maxime
600 953 862 1009 germanico
887 954 1181 1006 uersantium,
1210 963 1255 998 et
1282 954 1423 997 totius
1446 957 1480 997 F
1485 956 1730 1011 uggericae
1754 957 1884 999 fami—

244 1014 345 1063 liae,
372 1028 543 1057 memor
565 1027 665 1056 esse
688 1013 900 1069 dignetur
926 1013 971 1054 in
995 1013 1088 1056 suis
1111 1022 1156 1057 et
1178 1029 1366 1056 suorum
1391 1015 1756 1058 charissimorum
1779 1031 1883 1071 pre-

244 1074 373 1116 cibus
397 1081 441 1117 et
464 1072 758 1115 sanctissimis
781 1072 1012 1115 sacrificiis
1036 1087 1116 1128 pro
1139 1073 1271 1116 solito
1294 1073 1371 1116 illo
1391 1074 1632 1118 Societatis
1656 1075 1878 1118 instituto.

245 1136 485 1176 Praeterea
507 1133 562 1175 de
585 1132 893 1175 contractibus
917 1132 1150 1184 usurariis,
1183 1133 1348 1187 quibus
1377 1133 1547 1176 isthaec
1577 1142 1729 1177 nostra
1752 1135 1881 1178 fam'i-

243 1193 301 1236 lia
320 1208 409 1235 non
428 1207 585 1248 parum
604 1192 776 1236 irretita
794 1198 878 1245 est,
900 1191 1137 1234 consilium
1156 1193 1354 1236 salutare
1369 1193 1538 1247 aliquot
1555 1193 1879 1246 desideramus,

244 1252 281 1295 si
306 1253 419 1295 forte
445 1251 665 1295 Dominus
688 1259 870 1295 moueat
892 1252 1028 1294 corda
1050 1259 1323 1304 nostrorum,
1351 1259 1401 1294 ut
1425 1252 1664 1307 aliquando
1687 1254 1744 1295 de
1767 1254 1882 1298 seria

246 1311 523 1368 poenitentia
557 1311 775 1367 cogitent,
808 1326 866 1354 ne
894 1311 1092 1365 alioquin
1130 1325 1293 1367 corpus
1325 1311 1458 1354 simul
1486 1319 1531 1355 et
1562 1312 1755 1356 animam
1779 1327 1881 1356 cum

243 1371 444 1415 externis
468 1371 563 1414 istis
585 1371 732 1423 bonis,
759 1385 875 1425 quae
905 1371 1033 1426 parui
1064 1379 1170 1413 sunt
1199 1385 1307 1414 sane
1338 1371 1571 1424 momenti,
1605 1373 1786 1416 tandem
1810 1373 1879 1415 in—

247 1431 463 1474 foeliciter
501 1430 774 1473 amittamus.
824 1432 994 1473 Verum
1033 1431 1090 1472 de
1126 1430 1195 1473 his
1235 1430 1382 1474 fusius
1416 1438 1459 1475 et
1498 1432 1554 1475 de
1591 1431 1689 1474 aliis
1727 1432 1881 1474 multis

246 1493 298 1533 R.
329 1493 379 1533 Ρ.
422 1492 478 1533 D.
520 1490 730 1533 Canisius
768 1504 918 1532 coram
956 1489 1212 1545 explicabit.
1256 1491 1416 1545 Neque
1454 1491 1729 1543 dubitamus,
1772 1491 1881 1546 quin

246 1552 358 1593 Rda.
388 1549 644 1593 Paternitas
668 1556 745 1592 tua
767 1549 865 1605 piae
889 1557 1069 1592 nostrae
1093 1549 1313 1605 petitioni,
1340 1551 1548 1606 quamuis
1573 1551 1685 1594 forte
1714 1551 1882 1606 impor—

247 1617 398 1662 tunae,
420 1609 680 1652 satisfaciet.
703 1610 797 1652 Nos
818 1608 1015 1651 uicissim
1034 1608 1249 1653 Societati
1267 1609 1372 1652 huic
1391 1617 1589 1662 sanctae,
1604 1624 1656 1652 ac
1675 1610 1883 1653 christia-

244 1669 398 1712 nitatis
416 1668 762 1721 conseruatrici,
794 1683 878 1711 nos
918 1676 1037 1711 totos
1074 1669 1304 1712 offerimus
1327 1669 1373 1712 in
1397 1669 1578 1712 Christo
1601 1670 1812 1722 Domino,
1839 1679 1884 1714 et

243 1744 424 1772 oramus
448 1729 611 1771 iterum
634 1728 680 1770 in
704 1727 902 1779 Christo,
930 1729 1042 1772 Rde.
1068 1730 1216 1780 Pater,
1244 1737 1294 1770 ut
1327 1736 1612 1785 augustanae
1635 1729 1809 1781 messis,
1837 1737 1881 1773 et

244 1797 499 1831 nostrorum
524 1788 611 1830 iam
635 1787 1000 1843 supradictorum
1030 1802 1201 1830 memor
1223 1803 1322 1831 esse
1351 1789 1585 1845 dignetur.
1621 1790 1878 1845 Augustae,

245 1860 298 1902 25
326 1847 495 1903 Aprilis
525 1848 650 1902 1565.
1908 1892 1910 1895 .

332 1909 425 1950 Eur
447 1908 540 1949 und
564 1908 643 1950 der
681 1907 987 1950 Gesellschaft
1018 1908 1129 1964 Jesu
1153 1907 1350 1950 redliche
1379 1908 1386 1927 ¹
1414 1906 1616 1950 dienerin
1635 1907 1648 1927 ‘²
1676 1908 1768 1950 und
1795 1922 1878 1964 ge-

242 1968 453 2010 horsame
482 1968 670 2010 dochter

1127 2027 1327 2069 URSULA
1360 2027 1633 2068 FUGGEmN.

333 2086 578 2141 Inscriptio
601 2086 651 2127 in
675 2087 841 2140 quarta
857 2086 1056 2141 pagina:
1078 2086 1337 2128 Admodum
1362 2086 1477 2127 Rdo.
1510 2085 1553 2126 in
1580 2085 1760 2128 Christo
1791 2087 1880 2128 Pa-

244 2145 315 2196 tri,
347 2147 465 2188 Dno.
508 2144 751 2187 Francisco
790 2145 845 2187 de
878 2144 1048 2200 Burgia
1086 2144 1180 2202 [sic]
1211 2144 1378 2187 vicario
1407 2144 1608 2200 generali
1640 2144 1879 2189 Societatis

236 2206 361 2261 Jesv:
389 2206 573 2248 Romae.
600 2205 707 2246 Alia
729 2219 887 2246 manu:
916 2205 1041 2258 1565.
1070 2206 1302 2261 Augusta.
1335 2205 1430 2249 8.ΐᾶ
1457 2205 1623 2247 Ursula
1645 2206 1850 2247 Fuchera

245 2274 297 2318 25
324 2264 508 2320 Aprilis.
535 2264 694 2320 sigilli
715 2265 977 2320 vestigimn.

318 2421 325 2440 ¹
378 2418 557 2455 Obscure
576 2422 795 2454 exaratum.

314 2469 327 2487 ‘-'
380 2467 695 2511 Ms..deine7in,.
