1958 3210
644 155 687 191 27
716 147 905 183 Aucusrl
935 147 1024 190 1562
1583 152 1648 187 105

25 254 188 313 gensis.
217 251 498 295 Venerabilis
520 250 588 291 vir
611 248 899 306 singulariter
921 247 1051 290 nobis
1073 247 1250 291 dilecte.
1280 245 1507 289 Henricus
1535 246 1649 289 Dio—

26 331 179 388 nysius
206 332 233 380 ¹,
259 328 326 370 vir
349 327 450 383 pius
472 334 517 371 et
540 328 716 378 doctus,
748 340 851 368 cum
880 324 1040 367 diebus
1069 324 1240 378 aliquot
1268 323 1503 366 nobiscum
1535 322 1644 365 fuis-

28 414 94 452 set
128 408 161 458 ²,
201 413 245 448 et
282 411 458 460 praeter
495 417 741 454 sermones,
781 416 894 456 quos
937 415 1039 443 cum
1083 415 1136 444 eo
1178 400 1436 453 habuimus,
1481 414 1649 455 graues

29 482 264 528 conciones
296 482 459 523 multas
492 495 580 521 non
622 478 840 522 inutiliter
878 478 997 533 apud
1034 477 1248 532 populum
1292 476 1365 518 hic
1402 475 1643 532 posuisset;

26 560 258 603 discedens
280 557 408 613 petiit
430 556 599 611 aliquid
622 557 677 598 ad
701 563 744 598 te
767 555 996 598 literarum
1019 554 1246 605 daremus,
1267 553 1431 608 quibus
1448 559 1644 595 nostram

26 650 132 692 erga
149 633 383 678 ecclesiam
402 634 698 685 uoluntatem,
719 640 763 674 et
781 631 1052 675 Societatem
1072 636 1267 673 uestram
1286 629 1645 671 beneuolentiam

27 727 117 757 non
153 710 363 766 exiguam
396 711 646 753 faceremus
677 715 900 750 testatam.
934 708 1071 763 Quod
1098 706 1181 749 etsi
1211 720 1293 747 nos
1321 713 1480 761 sponte
1514 713 1648 760 atque

27 790 142 832 ultro
165 786 325 829 facturi
349 800 542 836 eramus,
569 784 816 827 iucundum
841 793 989 827 tamen
1012 783 1113 834 fuit,
1139 783 1195 824 ad
1217 782 1527 837 exponendam
1550 797 1647 824 eam

26 881 51 908 a
72 864 147 908 tali
169 878 252 906 nos
275 862 504 906 admoneri
527 861 641 913 uiro,
668 861 744 916 qui
768 875 870 903 cum
889 868 1065 903 nostras
1084 860 1306 910 redderet,
1333 858 1651 902 testificaretur

25 941 119 998 ipse
141 954 256 995 quae
278 941 335 983 de
357 941 440 982 hac
464 954 518 982 ex
541 938 670 980 nobis
693 953 844 980 coram
869 936 1130 992 accepisset.
1158 935 1209 978 Ei
1232 949 1343 991 ergo
1364 936 1420 977 de
1443 934 1652 976 instituto

27 1018 348 1071 uoluntateque
371 1023 524 1057 nostra
546 1016 714 1058 referre
737 1013 923 1065 uolenti,
950 1014 1083 1057 fidem
1113 1012 1316 1063 habebis,
1349 1011 1519 1067 tibique
1547 1026 1650 1066 per-

28 1093 234 1138 suadebis
256 1099 379 1135 certo
402 1091 512 1133 nihil
534 1106 689 1135 eorum
712 1090 1105 1146 praetermissuros
1128 1103 1225 1140 nos,
1252 1103 1368 1143 quae
1396 1088 1452 1130 ad
1481 1087 1647 1130 auitam

29 1171 360 1214 instaurandam
404 1169 708 1223 tuendamque
751 1166 1014 1222 religionem
1058 1166 1360 1221 pertinebunt.
1408 1165 1647 1208 Communi

26 1262 133 1292 uero
153 1246 367 1291 Societati
391 1245 561 1300 tibique
584 1260 681 1289 eam
704 1243 1067 1288 beneuolentiam
1097 1242 1426 1299 praestabimus
1452 1256 1645 1296 semper,

24 1338 152 1380 quam
176 1329 442 1378 perpetuum
466 1323 521 1364 de
540 1320 835 1364 sanctimonia
851 1328 896 1362 et
915 1320 1083 1363 uirtute
1102 1319 1198 1363 eius
1216 1318 1423 1361 iuditium
1442 1329 1644 1361 nostrum

23 1400 277 1455 impendere
308 1401 514 1441 hortatur
537 1412 587 1441 ac
611 1398 824 1453 postulat.
852 1398 996 1440 Datae
1028 1410 1084 1438 ex
1117 1411 1219 1439 arce
1242 1402 1396 1438 nostra
1425 1396 1460 1437 F
1463 1401 1646 1438 ursten—

22 1491 105 1529 OW,
133 1490 177 1520 v1
203 1476 389 1519 Calend.
416 1473 667 1530 Septemb,
693 1488 813 1516 anno
838 1487 1024 1516 MDLXII.

634 1553 709 1608 Jo.
747 1552 895 1593 CONS.
933 1551 1116 1593 OSNAB.
1155 1563 1215 1592 DE
1249 1550 1406 1592 HOYA.

105 1631 221 1672 Lau:
243 1629 499 1672 Scradaeus
521 1628 601 1670 SS.

91 1828 99 1846 ¹
151 1825 257 1859 Illius
277 1835 441 1859 examen
461 1828 521 1858 est
540 1823 579 1857 in
598 1821 764 1868 append.
786 1822 815 1855 I.

89 1887 102 1906 2
151 1883 293 1918 Mansit
310 1884 354 1917 P.
376 1883 588 1928 Dionysius
608 1881 864 1926 Osnabrugae
884 1880 1031 1915 ultimis
1050 1880 1189 1914 diebus
1210 1880 1395 1925 Augusti,
1412 1885 1451 1914 et
1465 1880 1528 1914 die
1544 1889 1565 1914 2
1580 1880 1649 1914 Se-

21 1943 203 1989 ptembris
222 1942 423 1978 Coloniam
442 1953 623 1976 reversus
643 1946 685 1975 ut
702 1940 792 1975 inde
811 1940 1049 1984 Moguntiam
1072 1944 1237 1985 peteret;
1263 1939 1367 1985 quod
1392 1939 1475 1985 ipse
1502 1939 1540 1973 in
1567 1938 1645 1985 epi-

23 2002 118 2036 stola
132 2001 179 2035 ad
193 2001 392 2035 doctorem
402 1998 910 2034 MauritiumWinkelmann
927 1999 1034 2032 hisce
1051 1998 1181 2033 verbis
1196 1998 1437 2033 referebat...
1450 1998 1647 2043 «Ingenue

22 2059 142 2095 fateor
160 2066 213 2105 et,
231 2059 358 2106 quoad
377 2059 522 2103 vivam,
542 2058 656 2092 fateri
675 2069 751 2092 non
771 2057 961 2098 desinam,
983 2069 1043 2092 me
1060 2056 1285 2103 episcopum
1300 2056 1646 2101 Osnabrugensem

22 2119 251 2166 comperisse
270 2118 499 2165 principem,
520 2118 672 2164 qualem
688 2117 734 2151 T.
751 2118 880 2151 D.nem
902 2116 994 2151 mihi
1009 2116 1322 2162 quandoquidem
1338 2116 1376 2150 in
1392 2116 1554 2150 aedibus
1570 2116 1647 2150 tuis

23 2177 197 2213 familiari
220 2178 413 2224 colloquio
435 2176 690 2222 descripsisse
715 2176 910 2220 recordor,
943 2177 1014 2210 hoc
1046 2182 1121 2221 est,
1153 2176 1404 2220 benevolum,
1431 2175 1646 2219 liberalem,

24 2237 189 2282 doctum,
210 2237 365 2272 unicum
384 2248 579 2270 musarum
595 2247 638 2270 ac
654 2235 914 2270 studiosorum
933 2236 1173 2269 Mecenatem
1189 2239 1228 2269 et
1242 2236 1447 2279 cultorem,
1463 2233 1646 2279 denique,

25 2296 123 2342 quod
141 2297 212 2331 hoc
226 2292 541 2342 ¹deploratissimo
560 2295 692 2329 seculo
711 2294 949 2328 rarissimum
969 2299 1007 2328 et
1027 2293 1065 2328 in
1091 2293 1194 2328 omni
1219 2293 1383 2339 primum
1413 2304 1501 2327 esse
1525 2292 1647 2326 saten-

25 2354 112 2389 dum
130 2361 203 2401 est,
223 2355 401 2402 puritatis
421 2354 686 2399 evangelicae,
708 2353 867 2392 veteris,
887 2353 1139 2399 apostolicae,
1159 2352 1333 2387 sincerae
1359 2358 1397 2386 et
1421 2364 1536 2386 verae
1561 2351 1649 2386 reli-

24 2413 148 2459 gionis
172 2420 497 2461 propugnatorem
523 2425 566 2448 ac
590 2413 694 2448 illius
718 2412 1005 2459 recuperandae
1031 2412 1313 2456 avidissimum,
1340 2423 1427 2446 cum
1454 2422 1529 2456 quo
1554 2410 1647 2444 mihi

23 2474 205 2509 hactenus
233 2474 470 2518 conversari,
502 2485 579 2507 non
602 2473 690 2507 dico
714 2472 885 2517 fastidio,
911 2472 980 2506 sed
1009 2483 1157 2506 summe
1184 2471 1257 2506 fuit
1289 2470 1494 2515 voluptati,
1520 2481 1540 2503 a
1571 2482 1648 2515 quo

24 2531 135 2568 etiam
163 2533 345 2579 dig[redi]
371 2532 481 2567 nefas
507 2543 593 2566 esse
618 2532 815 2573 ducerem,
841 2531 915 2565 nisi
946 2530 1187 2577 quorundam
1218 2529 1388 2564 virorum
1419 2527 1646 2572 authoritas,

22 2602 180 2636 quorum
197 2591 359 2626 consilio
379 2597 418 2626 et
435 2591 634 2626 autoritati
655 2602 738 2625 mos
762 2590 958 2635 gerendus
984 2596 1059 2635 est,
1085 2601 1146 2624 me
1171 2589 1219 2623 ad
1245 2595 1397 2634 tempus
1422 2593 1641 2622 revocaret.

26 2649 82 2684 Ae
97 2649 256 2696 proinde
275 2662 352 2685 uno
371 2656 436 2685 aut
455 2650 638 2696 [duobus]
656 2650 797 2684 abhinc
814 2649 954 2684 diebus
968 2661 1055 2684 curn
1072 2660 1166 2695 pace
1181 2660 1225 2683 ac
1240 2648 1373 2682 favore
1388 2658 1409 2681 a
1424 2654 1563 2681 reV.11·0
1579 2647 1650 2681 im-

23 2714 170 2754 petrato
187 2722 255 2756 per
273 2709 475 2745 Coloniam
494 2709 734 2755 Moguntiam
750 2709 972 2755 proficiscar
986 2709 1034 2744 ad
1048 2715 1222 2744 reV.111um
1238 2736 1246 2753 ‚
1268 2713 1307 2742 et
1333 2706 1647 2753 [quam]primum

21 2767 144 2802 Dmem
170 2770 215 2804 T.
236 2775 275 2804 et
293 2769 500 2815 praecipue
520 2769 711 2804 illustrem
730 2768 944 2815 principem
969 2780 1013 2803 ac
1037 2768 1175 2802 ducem
1208 2767 1378 2811 Ericum,
1411 2777 1432 2800 a
1462 2777 1538 2812 quo
1570 2777 1648 2801 non

23 2837 105 2861 mea
121 2839 193 2862 nec
209 2828 338 2863 rev,mi
359 2828 428 2863 sed
447 2828 568 2862 maior
585 2828 860 2874 [superiorum]
878 2828 1058 2862 voluntas
1078 2826 1271 2870 avocavit,
1292 2825 1457 2860 invisam
1477 2835 1521 2859 ac
1546 2825 1648 2859 salu-

22 2885 146 2920 tabo.»
164 2887 221 2921 Ex
239 2888 322 2922 cod.
346 2888 454 2929 VIII,
476 2887 695 2933 «Epistolae
710 2887 839 2922 variae
855 2886 902 2921 ad
918 2892 1071 2921 nostros
1087 2887 1221 2921 Patres
1236 2884 1531 2928 colonienses»,
1546 2883 1649 2930 apud

23 2943 209 2990 HANSEN,
230 2947 305 2981 loc.
330 2945 414 2991 cit.,
433 2957 521 2992 pag.
541 2945 625 2991 430.
