1958 3210
830 150 918 195 1553
1641 162 1682 198 19

64 251 340 295 Collationes
372 253 540 295 multae
579 251 758 295 habitae
796 267 820 294 a
857 251 1068 307 prandio,
1102 266 1216 307 quae
1259 267 1352 295 non
1390 254 1574 297 fuerunt
1611 253 1682 295 in-

65 328 197 371 utiles
223 329 251 370 ¹.

150 448 185 489 5
214 459 247 488 v
621 449 944 500 CONIMBRIAE,
978 461 1125 491 PRIMO

149 558 236 601 Hic
259 559 376 602 serio
399 559 537 602 habui
566 560 916 614 exhortationes,
942 567 987 604 et
1014 560 1282 603 examinaui:
1308 561 1462 603 audiui
1491 575 1682 617 genera—

62 636 127 680 les
149 635 476 679 confessiones:
505 637 687 680 fuerunt
709 643 814 679 vota
836 643 1067 680 renouata.
1088 636 1299 679 Instituta
1316 644 1384 681 est
1400 638 1561 681 domus
1578 652 1681 694 pro-

61 711 267 766 bationis.
295 714 463 768 Magna
499 713 705 756 alacritas
743 721 788 757 et
826 714 1104 756 confirmatio
1142 713 1188 755 in
1221 713 1448 756 fratribus.
1490 715 1684 758 Habitae

56 788 315 832 collationes
344 804 436 832 non
462 790 785 833 infructuosae.
830 789 1052 833 Ordinata
1090 792 1266 843 domus,
1312 791 1443 834 datae
1481 793 1680 847 regulae,

59 864 240 909 relictus
263 865 407 909 Miron
440 874 489 908 vt
512 882 564 910 ea
593 873 908 921 exequeretur,
941 880 1057 922 quae
1085 866 1299 910 dixeram.
1334 868 1433 923 Ego
1456 882 1558 910 cum
1587 868 1683 912 Go-

59 940 178 983 dinio
201 942 549 997 Compostellam
580 941 730 1002 [veni],
763 944 884 997 quod
907 942 1082 987 dixerat
1105 945 1157 985 Ρ.
1184 943 1404 999 Ignatius,
1430 951 1479 986 vt
1500 959 1684 1000 agerem

59 1016 144 1077 [de]
166 1018 375 1074 collegio,
403 1020 524 1074 quod
546 1019 635 1061 illic
657 1026 753 1062 erat
775 1020 814 1062 6
844 1019 931 1062 iam
955 1019 1257 1072 aedificatum,
1283 1027 1329 1063 et
1352 1020 1563 1077 cupiebat
1585 1035 1684 1064 car—

0 1116 4 1118 ·
60 1093 218 1137 dinalis
240 1096 618 1151 compostellanus
640 1096 735 1139 dari
759 1096 990 1140 Societati.
1022 1096 1028 1154 Ι

328 1215 404 1258 An
428 1215 475 1259 S.
502 1216 697 1259 FELICIS
722 1230 781 1258 ET
806 1216 853 1259 S.
881 1216 1078 1258 IOANle
1104 1229 1413 1259 MONASTERIA

144 1326 350 1371 Intellexi
373 1327 660 1379 dificultates,
687 1342 798 1382 quas
821 1329 956 1370 habet
979 1327 1182 1372 Societas
1208 1328 1252 1369 in
1276 1327 1361 1371 illis
1382 1329 1681 1384 monasterijs,

57 1408 103 1445 et
124 1402 217 1444 vidi
238 1417 336 1446 esse
359 1403 663 1447 necessarium
689 1411 735 1446 vt
764 1404 969 1447 Societas
998 1405 1176 1449 leuetur
1205 1418 1313 1447 cura
1334 1404 1409 1448 illa
1434 1405 1684 1448 animarum

57 1480 128 1523 vel
171 1479 305 1522 dandi
347 1481 588 1536 parochos.
636 1480 741 1524 Vidi
784 1481 889 1524 item
934 1496 1032 1525 esse
1070 1481 1233 1524 dificile
1266 1481 1354 1524 illic
1407 1481 1562 1526 viuere
1599 1497 1684 1525 no-

61 1562 194 1610 stros,
221 1564 307 1601 etc.
329 1558 360 1599 2.

153 1677 185 1718 7
207 1690 241 1718 v
675 1678 1064 1720 COMPOSTELLAE

147 1788 298 1832 Primo
319 1788 392 1833 die
413 1790 529 1834 male
548 1790 700 1842 habui,
722 1797 769 1832 vt
786 1796 992 1845 putarem
1009 1805 1102 1833 non
1120 1805 1191 1833 me
1209 1790 1451 1846 quicquam
1469 1791 1684 1846 postrjdie

61 1865 311 1925 [acturum];
331 1873 377 1909 et
395 1873 545 1910 tamen
556 1868 673 1911 bene
690 1867 844 1910 habui.
865 1867 1119 1924 Singularis
1142 1867 1391 1911 consolatio
1410 1867 1610 1923 spiritus,
1638 1876 1684 1911 et

57 1941 135 1985 lux
162 1944 381 1998 quaedam
418 1943 466 1986 in
489 1944 655 2000 templo
682 1945 729 1988 S.
771 1944 936 1987 Iacobi.
975 1944 1164 2000 Egimus
1192 1945 1248 1987 de
1276 1944 1485 2001 collegi03
1526 1959 1683 1989 verum

57 2018 267 2075 exiguam
288 2034 414 2076 spem
437 2020 741 2077 concepimus.
769 2021 1002 2077 Redijmus
1019 2021 1327 2064 Coninbriam.

108 2161 110 2163 ·
146 2139 182 2182 8
666 2141 991 2194 CONIMBRIAE,
1019 2143 1080 2183 2.⁰

144 2252 209 2295 Ibi
246 2252 457 2297 inchoaui
485 2255 592 2297 dare
620 2253 966 2305 instructiones,
1008 2268 1120 2308 quas
1149 2255 1241 2298 fere
1270 2267 1447 2309 semper
1476 2254 1580 2296 dedi
1607 2268 1682 2298 re-

57 2330 282 2384 spondens
303 2329 646 2383 dificultatibus,
672 2345 787 2385 quae
810 2330 919 2373 mihi
937 2330 1319 2386 proponebantur,
1352 2331 1424 2373 vel
1455 2344 1567 2384 quas
1595 2344 1683 2386 ego

57 2419 114 2448 ex
135 2405 389 2449 visitatione
411 2406 695 2463 colligebam.
723 2406 811 2450 Hic
834 2406 945 2449 nihil
969 2414 1064 2451 erat
1086 2405 1251 2449 dificile
1281 2408 1332 2449 P.
1366 2406 1524 2460 Leoni3
1555 2414 1683 2451 erant

57 2481 235 2525 Mironi:
274 2490 432 2538 postea
468 2483 542 2528 ille
571 2485 584 2504 ⁵
614 2485 905 2527 vehementer
943 2482 1190 2536 dubitauit,
1222 2483 1295 2525 cui
1325 2483 1409 2525 fuit
1444 2497 1681 2527 necessum

56 2558 230 2602 absenti
252 2561 524 2616 respondere
546 2560 578 2602 ⁴.

125 2781 135 2800 ¹
185 2779 267 2814 Fol.
289 2787 309 2823 5
326 2792 357 2814 r.
379 2791 544 2815 vacuum
561 2779 740 2815 relictum
760 2786 833 2816 est.

122 2840 136 2859 2
186 2837 250 2873 Nil
270 2839 309 2873 in
326 2838 392 2874 fol.
413 2848 434 2883 7
456 2851 491 2874 v.
512 2840 698 2886 scriptum
716 2839 803 2875 fuit.

126 2898 140 2917 ³
189 2897 278 2942 Ms.,
298 2898 381 2933 illi.

124 2958 138 2977 ⁴²
187 2957 232 2991 In
248 2955 315 2992 fol.
339 2956 361 2991 8
379 2969 417 2992 v.
437 2957 490 2992 nil
509 2958 694 3004 scriptum
713 2958 798 2994 fuit.
