1958 3210
237 171 283 206 66
807 169 849 202 P.
878 168 1065 203 NATALls
1090 168 1308 204 EPHEMER.

237 270 387 326 potius
409 270 465 311 ad
488 269 730 324 collegium
754 269 882 312 daret
900 269 1076 320 domos,
1098 282 1231 323 quam
1255 270 1313 311 ad
1335 269 1455 311 aliud
1488 284 1602 324 opus
1628 269 1768 325 pium;
1794 286 1879 313 vo—

240 347 322 389 luit
345 353 493 388 tamen
515 352 564 387 vt
587 345 697 387 illud
720 345 960 400 imperaret
985 344 1095 387 Pius
1116 357 1160 397 4,
1186 345 1309 399 quod
1328 345 1579 400 ,liberaliter
1609 345 1714 390 fecit
1745 347 1872 390 Pius.

240 425 395 477 Itaque
416 421 539 466 dedit
561 422 809 466 marchesia
839 421 950 464 122
987 435 1144 464 omnes
1180 420 1279 464 illas
1313 422 1497 479 domus,
1523 422 1643 465 illam
1680 423 1871 467 insulam

240 498 452 555 collegio,
482 505 660 554 praeter
688 498 925 554 paruulam
953 498 1136 540 domum
1167 497 1358 553 trjtoris,
1389 497 1452 542 ita
1481 505 1631 542 tamen
1657 500 1797 553 dedit,
1826 508 1873 542 vt

248 586 358 630 1500
385 586 426 621 Δ
457 574 645 631 (opinor)
670 589 873 618 essemus
895 573 980 629 ipsi
1009 573 1307 628 numeraturi,
1339 581 1385 618 et
1412 576 1627 631 precium,
1661 591 1751 632 quo
1779 576 1876 633 ipsa

242 659 338 695 erat
360 667 440 707 per
460 666 508 694 se
540 652 820 694 conductura
861 652 1062 704 domum,
1095 650 1171 692 vbi
1205 650 1442 695 habitaret.
1484 653 1608 696 Illam
1636 653 1878 709 pecuniam

243 728 548 771 dissoluimus.
575 729 676 771 Hoc
699 727 899 783 precium
921 727 1078 783 paucis
1099 727 1229 771 annis
1251 727 1438 781 remisit3
1459 728 1704 773 liberaliter
1726 736 1880 774 autem
1915 759 1918 762 -

245 819 420 860 semper
443 812 512 849 est
543 804 755 860 pollicjta,
776 804 855 846 sed
874 804 966 848 fere
998 803 1109 846 nihil
1127 803 1318 860 amplius
1341 804 1466 849 dedit
1482 807 1703 849 hactenus
1742 807 1882 850 colle-

247 882 339 938 gio.
358 881 617 937 Agentibus
634 881 803 936 aliquot
820 881 1140 933 cardinalibus,
1156 889 1201 924 et
1218 881 1337 924 inter
1358 881 1525 937 primos
1547 882 1744 935 Sabello,
1768 883 1878 926 assi—

247 958 407 1015 gnauit
429 959 759 1013 eleemosynam
783 957 975 1014 collegio
999 957 1109 1002 Pius
1132 969 1188 1013 50
1217 969 1258 1003 Δ
1287 958 1480 1015 singulis
1503 959 1733 1002 mensibus
1760 962 1788 1002 ¹.

335 1037 409 1078 Ad
431 1036 567 1079 finem
590 1035 696 1077 anni
733 1036 843 1089 1560
871 1035 1072 1079 decreuit
1104 1035 1282 1079 mittere
1314 1036 1672 1080 commissarium
1696 1038 1753 1079 ad
1773 1036 1880 1080 visi—-

249 1113 432 1155 tandam
448 1112 705 1156 Vniuersam
729 1111 910 1156 Societa
937 1111 943 1169 Ι
972 1118 1062 1155 tem
1081 1112 1113 1165 ²,
1140 1113 1261 1167 quod
1282 1119 1416 1156 antea
1437 1112 1618 1168 quidem
1642 1121 1881 1166 statuerat,

248 1190 328 1233 sed
345 1190 551 1233 noluerat
568 1197 657 1231 tam
674 1189 763 1232 cito
782 1201 806 1232 2
825 1189 1087 1233 assistentes
1104 1190 1332 1246 ablegare.
1352 1191 1518 1234 Postea
1534 1205 1642 1234 vero
1659 1190 1889 1232 dificultas.

249 1281 398 1310 rerum
419 1265 718 1322 hispaniensis
741 1266 1054 1323 [assistentiae]
1079 1266 1186 1309 fecit
1207 1274 1256 1309 vt
1277 1266 1460 1322 longius
1482 1266 1602 1309 illam
1627 1266 1885 1310 missionem

248 1358 339 1386 non
357 1343 555 1387 diferret:
581 1343 715 1386 simul
736 1343 926 1399 penuria
948 1343 1011 1386 rei
1033 1343 1321 1400 pecuniariae
1343 1345 1548 1400 vrgebat.

338 1421 444 1463 Erat
468 1423 521 1463 P.
547 1421 582 1462 F
586 1420 817 1463 ranciscus
839 1420 884 1462 in
909 1420 1130 1476 Hispania
1158 1420 1510 1473 commissarius,
1536 1421 1758 1464 Araozius
1780 1435 1886 1477 pro—

250 1496 455 1540 uincialis
490 1496 725 1553 Vtriusque
762 1498 1001 1541 Castellae.
1043 1498 1386 1554 Intelligebatur
1418 1498 1613 1540 Araozio
1645 1512 1737 1540 non
1768 1499 1886 1541 bene

251 1573 496 1617 conuenire
517 1588 621 1616 curn
646 1576 697 1617 P.
717 1575 753 1617 F
756 1574 975 1630 rancisco,
995 1576 1117 1629 quod
1134 1574 1221 1617 iam
1239 1589 1331 1617 non
1347 1576 1495 1617 solum
1514 1576 1570 1618 ad
1587 1582 1784 1627 nostros,
1805 1575 1885 1617 sed

252 1651 310 1693 ad
331 1657 541 1695 externos
563 1658 926 1706 permanauerat,
951 1659 1087 1707 atque
1110 1652 1222 1694 ‘123
1245 1653 1358 1695 adeo
1381 1652 1438 1694 ad
1455 1651 1643 1708 regiam.

341 1727 621 1771 Discesserat
643 1730 696 1771 Ρ.
722 1730 757 1771 F
761 1729 992 1771 ranciscus
1013 1728 1059 1770 in
1088 1728 1415 1785 Portugalliam
1444 1736 1547 1785 post
1574 1729 1886 1785 captiuitatem

253 1804 574 1861 archiepiscopi
598 1805 796 1848 toletani.
819 1805 1101 1848 Videbantur
1118 1806 1181 1847 illi
1196 1806 1361 1850 infensi
1379 1813 1425 1850 et
1441 1822 1519 1851 rex
1536 1814 1581 1849 et
1598 1806 1882 1862 hispalensis.

254 1882 443 1938 Scripsit
466 1890 615 1927 tamen
637 1882 799 1925 seriam
822 1882 1059 1939 epistolam
1086 1886 1136 1926 P.
1163 1886 1198 1926 F
1201 1884 1434 1927 ranciscus
1456 1885 1512 1927 ad
1529 1898 1701 1940 regem,
1723 1884 1889 1939 quibus

255 1958 446 2018 [litteris]
468 1974 600 2002 suum
629 1959 829 2003 animum
859 1962 1078 2015 probabat
1109 1961 1331 2018 Philippo,
1364 1968 1409 2004 et
1432 1963 1695 2015 excusabat,
1721 1961 1757 2004 si
1781 1960 1888 2016 quid

254 2034 449 2079 alienum
473 2037 528 2079 de
551 2051 599 2078 se
621 2036 695 2079 ille
718 2044 1003 2092 conceperat.

344 2112 483 2168 Regis
519 2112 708 2157 offensio
744 2119 842 2156 orta
878 2113 1113 2157 dicebatur
1151 2129 1206 2157 ex
1236 2114 1521 2158 matrimonio
1550 2118 1594 2158 M
1603 2115 1630 2157 ‚i
1658 2117 1891 2159 Montesa-

256 2188 319 2242 ni,
346 2195 453 2242 ete.;
478 2189 744 2245 hispalensis
767 2205 822 2233 ex
841 2189 1145 2250 quibus[dam]
1167 2191 1513 2247 suspitionibus.
1549 2191 1771 2234 Araozius
1793 2191 1881 2234 exi-

256 2264 523 2308 stimabatur
539 2266 738 2322 potuisse
766 2266 773 2324 Ι
801 2266 899 2310 illas
916 2267 1508 2323 offensionespacare3quod
1518 2270 1889 2324 quumnonface-

258 2350 342 2396 ret,
367 2342 604 2386 videbatur
627 2358 811 2400 augere.
839 2344 1051 2388 Retinere
1072 2344 1310 2388 videbatur
1326 2344 1586 2388 memoriam
1604 2346 1725 2400 quod
1743 2346 1891 2388 fuerat

259 2421 496 2476 ablegatus
519 2436 544 2463 a
567 2422 619 2463 Ρ.
646 2422 681 2463 F
685 2421 887 2464 rancisco
915 2420 960 2463 in
991 2422 1286 2477 Aragoniam,
1312 2423 1433 2477 quod
1454 2423 1567 2466 dure
1589 2422 1889 2478 acciperetur,

259 2498 379 2551 quod
393 2497 735 2541 interdiceretur
752 2497 815 2540 illi
833 2500 1115 2541 consuetudo
1132 2498 1294 2551 aulica,
1316 2499 1437 2554 quod
1454 2499 1550 2555 ipse
1567 2507 1747 2556 gereret
1763 2514 1891 2542 suam

260 2573 555 2629 prouinciam,
581 2583 803 2631 occupato
831 2575 1122 2631 prouincialis
1150 2575 1312 2619 officio.
1346 2577 1549 2632 Vterque
1578 2577 1713 2620 dabat
1744 2576 1899 2619 literas

262 2651 318 2692 ad
355 2652 558 2705 Patrem,
600 2652 841 2695 videbatur
879 2652 1165 2696 necessarius
1204 2667 1303 2697 esse
1341 2653 1503 2709 aliquis
1539 2653 1655 2697 inter
1687 2653 1785 2696 illos
1822 2667 1896 2696 se·
1953 2705 1956 2707 Α

263 2735 462 2781 quester,
488 2736 575 2771 etc.
1757 2729 1761 2734 ’

336 2912 344 2931 ¹
397 2910 747 2956 SACCH1NUS,loc.
767 2913 858 2958 cit.,
879 2913 945 2948 lib.
967 2922 1021 2957 lv,
1043 2925 1108 2948 nn.
1130 2924 1163 2958 5,
1184 2916 1218 2948 ὁ.

331 2972 344 2991 ²
396 2971 492 3014 Ms.,
513 2972 804 3007 Societatatem.
