1958 3210
263 144 332 179 668
886 144 1026 179 EPIST.
1054 144 1084 178 P
1094 169 1102 178 .
1135 143 1286 181 NADAL

1057 317 1113 359 LI

720 416 1161 453 STANISLAUS
1192 418 1447 456 HOSIUS

847 494 1054 529 cardinalis
1074 495 1305 531 varmiensis

755 587 896 616 PATRI
916 586 1089 625 JOANNI
1111 588 1172 616 DE
1191 588 1409 618 POLANco

586 662 972 718 Heilsbergae,
1014 678 1040 719 9
1079 663 1322 719 Augusti
1366 667 1491 720 1565
1537 668 1564 709 ¹.

659 752 720 787 De
742 752 855 786 rebus
875 752 1070 787 Polom'ae
1089 755 1124 786 et
1139 764 1235 788 suae
1254 754 1485 789 dioeceseos.

344 831 454 873 Rde.
486 832 636 881 Pater,
663 828 806 873 amice
830 828 874 870 in
898 828 1082 871 Christo
1105 829 1382 875 charissime.
1410 833 1581 889 Accepi
1599 836 1777 878 tandem
1796 836 1892 879 1116ὓ

252 905 324 932 133
347 892 405 933 D.
433 891 509 941 V„
537 888 702 944 quibus
725 888 837 932 meis
860 889 1117 943 respondet.
1145 888 1340 932 Comitia
1369 892 1717 946 petricouiensia
1740 910 1898 940 reuera

252 965 344 992 non
366 950 625 991 habuerunt
648 963 751 991 eum
775 947 945 990 exitum
965 981 974 1000 ,
1005 962 1140 1002 quem
1171 949 1481 1004 cupiebamus.
1513 952 1701 996 Fuimus
1724 954 1784 996 ibi
1806 956 1897 998 duo

253 1008 526 1051 cardinales:
559 1007 845 1063 praestiterat
883 1022 936 1051 eo
975 1022 1207 1062 nunquam
1245 1009 1444 1052 venisse.
1483 1012 1532 1053 In
1570 1012 1766 1056 diocoesi
1799 1013 1893 1071 [sic]

252 1084 368 1120 mea,
394 1068 512 1110 sicut
534 1074 667 1111 antea
690 1066 847 1122 scripsi
877 1067 909 1119 ²,
943 1066 1066 1110 dedit
1095 1067 1387 1111 nihilominus
1416 1071 1543 1114 Deus
1566 1072 1894 1128 benignitatem

253 1143 397 1179 suam,
425 1128 546 1182 quod
575 1126 768 1181 quietior
799 1125 883 1168 fuit
912 1127 1024 1169 haec
1054 1126 1257 1182 proxima
1286 1142 1419 1182 quam
1449 1129 1523 1172 1113
1554 1132 1760 1187 superior
1783 1148 1894 1188 qua-

251 1186 524 1243 dragesima,
552 1185 637 1228 nisi
661 1186 799 1240 quod,
827 1200 961 1241 quern
986 1200 1073 1241 ego
1095 1186 1397 1242 proscriptum
1421 1190 1619 1233 externis
1643 1191 1753 1234 meis
1775 1208 1894 1236 anno

252 1246 500 1302 superiore,
527 1245 590 1288 sic
614 1245 776 1288 vestris
798 1244 1057 1287 volentibus
1079 1245 1382 1300 restitueram,
1413 1250 1533 1303 apud
1557 1265 1659 1293 eum
1682 1251 1793 1294 nihil
1815 1267 1893 1296 ve-

251 1306 332 1349 stri
355 1307 662 1362 profecerunt,
689 1312 734 1347 et
755 1312 823 1347 est
846 1318 969 1346 nunc
1002 1304 1272 1359 pertinacior
1301 1320 1434 1361 quarn
1465 1308 1549 1350 fuit
1577 1317 1731 1363 antea3
1759 1326 1892 1366 quam

250 1367 308 1408 ob
331 1380 515 1408 causam
538 1379 642 1407 eum
662 1365 812 1407 denuo
836 1364 1115 1419 proscribere
1137 1379 1237 1407 sum
1256 1375 1456 1410 coactus.
1479 1367 1747 1412 Trideistam
1766 1370 1891 1414 illum

248 1425 513 1481 palatinum,
535 1424 802 1475 vilnensem,
824 1438 924 1466 esse
946 1430 1174 1466 mortuum
1197 1424 1283 1466 iam
1308 1424 1481 1480 pridem
1500 1429 1555 1470 ad
1572 1443 1653 1471 vos
1670 1430 1890 1484 perlatum

247 1500 347 1529 esse
370 1491 499 1540 puto.
527 1483 651 1527 Nihil
673 1483 826 1538 itaque
850 1483 1012 1525 Vestris
1033 1484 1088 1525 ab
1120 1483 1196 1526 illo
1225 1486 1521 1529 metuendum
1552 1487 1639 1530 iam
1669 1489 1767 1531 erit.
1794 1492 1890 1533 Do-

249 1545 431 1587 lendum
451 1551 519 1588 est
543 1544 664 1598 quod
686 1558 777 1585 non
800 1541 857 1584 sit
880 1549 1086 1585 mortuus
1109 1550 1214 1585 ante
1238 1558 1299 1586 XV
1329 1560 1487 1597 annos,
1521 1547 1670 1590 minus
1694 1548 1796 1590 111311
1821 1550 1890 1591 vi-

249 1604 389 1647 disset
414 1603 623 1655 Polonia,
656 1602 806 1645 minus
834 1601 968 1644 etiam
998 1601 1281 1645 cruciatuum
1311 1603 1429 1647 illius
1463 1606 1611 1649 anima
1642 1622 1763 1650 nunc
1785 1624 1888 1664 per-

245 1663 527 1707 sentisceret.
555 1662 739 1706 Vtinam
763 1668 916 1705 autem
940 1661 1073 1704 simul
1096 1661 1294 1705 extincta
1316 1663 1373 1706 sit
1396 1664 1515 1707 illius
1533 1666 1747 1719 haeresis,
1773 1682 1889 1723 quae

244 1722 370 1779 viget
393 1721 704 1774 nihilominus,
731 1735 816 1764 nec
838 1720 933 1763 suis
955 1728 1023 1764 est
1047 1721 1248 1776 patronis
1270 1723 1507 1766 destituta.

334 1782 596 1825 Pultouiam
620 1789 667 1823 vt
690 1788 865 1823 vestros
888 1780 1076 1823 mittatis
1100 1782 1286 1833 suadeo,
1313 1791 1486 1826 semota
1515 1784 1677 1838 quauis
1700 1794 1888 1830 cuncta-

242 1842 379 1884 tione.
406 1841 633 1896 Deinceps
656 1840 754 1895 alijs
778 1854 959 1895 quoque
980 1839 1091 1882 locis
1113 1841 1308 1896 prospici
1331 1842 1510 1897 poterit.
1540 1846 1688 1888 Breue
1705 1846 1761 1889 de
1778 1861 1887 1902 pro-

240 1902 467 1945 mouendo
490 1901 546 1943 ad
568 1914 719 1943 sacros
743 1899 939 1950 ordines,
970 1898 1057 1941 iam
1086 1901 1253 1952 habeo,
1287 1908 1331 1943 et
1361 1916 1416 1944 ex
1450 1902 1611 1946 vestris
1640 1904 1755 1947 duos
1777 1920 1883 1960 pro-

240 1960 378 2013 moui,
401 1962 589 2005 Scotum
608 1966 653 2003 et
671 1959 904 2003 Simonem
924 1960 1214 2014 Hageuaum.
1243 1959 1394 2003 Rdum
1413 1961 1644 2005 dominum
1664 1963 1881 2008 vicarium

239 2036 328 2063 vna
356 2034 460 2063 cum
492 2022 547 2062 P.
586 2020 849 2063 Salmerone
886 2025 931 2061 61
960 2018 1143 2061 Canisio
1173 2020 1339 2062 salutet
1366 2021 1516 2064 verbis
1546 2022 1672 2074 meis,
1706 2023 1881 2067 etiamsi

238 2095 323 2122 nec
346 2081 537 2122 salutem
562 2078 624 2120 illi
648 2093 732 2121 nec
754 2077 906 2120 literas
929 2078 986 2119 ad
1008 2092 1080 2120 1116
1102 2079 1342 2132 dederunt;
1369 2081 1449 2122 sed
1472 2081 1537 2124 sic
1569 2089 1638 2125 est
1661 2097 1758 2126 mos
1781 2083 1879 2126 illo-

237 2154 360 2191 rum,
388 2139 629 2195 praecipue
654 2140 710 2180 P.
743 2136 1013 2181 Salmeroni.
1057 2138 1173 2181 Nam
1207 2139 1318 2181 alter
1347 2140 1588 2183 officiosior
1617 2148 1768 2186 tamen
1791 2151 1876 2187 est.

238 2199 402 2242 Calicis
434 2213 527 2241 non
559 2212 662 2241 eum
685 2211 948 2240 successum
973 2197 1200 2251 futurum,
1234 2212 1367 2252 quem
1401 2199 1702 2255 opinabantur
1731 2203 1876 2256 multi,

235 2259 424 2314 pridem,
451 2258 726 2313 augurabar3
751 2257 1045 2310 quamobrem
1068 2256 1192 2312 prius
1215 2257 1392 2300 restitui
1421 2259 1584 2303 missae
1606 2260 1877 2305 sacrificium

235 2318 495 2374 cupiebant,
521 2318 576 2359 ab
601 2316 671 2371 ijs,
705 2330 897 2370 quorum
928 2329 1066 2358 causa
1096 2318 1357 2372 petebatur,
1390 2333 1523 2373 quam
1553 2320 1610 2363 de
1633 2320 1772 2363 calice
1795 2322 1876 2364 de-

235 2379 506 2421 cernebatur
529 2375 711 2430 aliquid.
741 2375 878 2430 Quod
900 2375 956 2417 ad
979 2376 1265 2419 sacerdotum
1290 2377 1556 2433 coniugium
1581 2379 1756 2432 attinet,
1784 2395 1874 2423 non

235 2436 366 2480 video
390 2435 498 2491 quid
527 2434 695 2491 sperari
723 2434 885 2477 melius
914 2434 1069 2489 possit:
1105 2435 1275 2478 vtinam
1307 2436 1401 2479 tolli
1429 2445 1582 2493 posset
1611 2438 1805 2482 ebrietas
1828 2440 1874 2482 in

233 2496 494 2540 Germania:
521 2510 613 2537 non
635 2494 697 2536 ita
719 2508 886 2549 magno
915 2493 1108 2549 negocio
1135 2494 1228 2537 vita
1258 2509 1439 2551 quoque
1469 2498 1702 2540 tolleretur
1724 2498 1873 2554 impu-

231 2556 350 2599 dica.
385 2555 521 2610 Quod
544 2554 580 2596 si
604 2568 683 2609 per
705 2560 901 2596 vestram
930 2553 1204 2597 Societatem
1228 2569 1318 2597 non
1341 2555 1403 2598 ita
1428 2556 1562 2599 fuerit
1596 2564 1720 2600 aetas
1744 2565 1871 2602 tene-

232 2615 324 2658 rior
345 2616 552 2666 educata,
578 2621 627 2655 vt
649 2612 791 2668 possit
812 2627 919 2656 vere
942 2612 1136 2656 caelibes
1159 2613 1388 2657 ministros
1411 2615 1541 2658 nobis
1564 2617 1867 2672 suppeditare,

232 2690 323 2717 non
345 2674 478 2718 video
500 2673 621 2728 quod
645 2672 766 2714 aliud
796 2671 1044 2714 remedium
1068 2672 1262 2718 inueniri
1292 2673 1450 2728 possit.
1491 2675 1580 2719 Sed
1605 2690 1869 2730 persuasum

230 2742 299 2777 631
322 2733 592 2789 quibusdam
615 2731 937 2788 impossibilem
954 2745 1053 2774 esse
1071 2731 1411 2785 continentiam,
1433 2748 1549 2789 quae
1567 2734 1674 2777 mihi
1692 2735 1871 2779 videtur

299 2876 310 2897 ¹
363 2877 420 2911 Ex
439 2875 667 2920 archetypo,
687 2873 726 2908 in
748 2872 843 2908 cod.
866 2873 926 2920 38,
945 2872 1091 2920 duplici
1108 2873 1192 2920 fol„
1215 2883 1276 2909 121
1299 2877 1413 2920 (199).

299 2926 313 2945 2
365 2923 465 2958 Vide
484 2921 670 2969 append,
690 2921 735 2956 L.
