1958 3210
230 203 301 243 502
835 199 974 233 EPIST.
1001 198 1044 232 P.
1074 198 1224 235 NADAL

231 299 399 342 landia.
423 333 429 340 .
453 334 459 340 .
500 311 569 341 12.
610 300 779 341 Romae
802 298 867 340 fui
889 305 1100 354 receptus
1133 300 1360 353 Patribus,
1387 301 1463 356 qui
1492 301 1538 343 in
1560 302 1693 345 domo
1716 310 1870 347 nostra

233 365 488 409 uersantur,
516 365 560 401 et
584 357 649 399 fui
672 365 781 404 tunc
804 357 1087 401 examinatus
1109 373 1134 401 a
1159 361 1293 404 Patre
1317 361 1534 403 Polanco.
1574 373 1644 414 14.
1677 363 1774 406 Ν66
1796 378 1868 406 sa-

232 418 392 460 cerdos
414 431 530 468 sum,
558 431 641 459 nec
663 418 805 459 ullum
828 418 974 460 habeo
996 417 1166 460 ordinis
1197 419 1312 462 sacri
1341 421 1551 475 gradum.
1597 431 1666 474 15.
1700 423 1873 465 Romae

232 477 276 518 in
300 476 581 531 probatione,
607 476 862 518 Florentiae
884 483 929 519 et
958 477 1186 519 Monachii
1217 492 1268 520 ac
1298 478 1448 534 aliquo
1478 486 1678 545 tempore
1702 482 1868 536 Augu·

233 545 344 579 stae
378 536 444 578 16.
474 535 770 578 probationes
798 535 1059 579 Societatis:
1085 561 1144 567 ——
1172 537 1206 592 1)
1236 538 1343 581 Feci
1365 553 1443 593 per
1473 538 1673 593 quinque
1696 541 1868 583 hebdo—

235 595 403 636 madas.
425 620 483 625 —
503 594 542 647 2)
567 594 746 638 Seruiui
770 609 848 650 per
871 595 1071 649 quinque
1093 596 1383 651 septimanas.
1410 622 1468 628 —
1477 600 1526 663 j>
1546 599 1879 654 Peregrinatus

234 669 333 696 sum
358 655 500 696 Roma
522 654 814 696 Florentiam.
847 679 904 684 —
927 655 968 707 4>
993 655 1212 697 Versatus
1236 671 1336 698 sum
1361 656 1487 711 quasi
1505 658 1683 700 duobus
1701 659 1870 702 mensi-

235 715 335 755 bus.
362 739 420 743 —
445 714 483 767 5)
509 714 659 756 Semel
682 713 727 754 in
751 714 908 755 schola
931 713 1003 755 hic
1026 714 1175 765 docui,
1204 715 1311 757 alias
1334 730 1441 759 non.
1467 741 1525 746 —
1548 717 1588 772 6)
1612 717 1745 759 Domi
1770 725 1875 760 tan«

237 781 332 819 tum
356 772 651 815 concionatus
669 787 828 815 sum...
863 772 975 828 Legi
1000 780 1090 816 tam
1113 774 1233 815 domi
1256 789 1389 829 quarn
1414 775 1459 817 in
1477 777 1648 818 schola.
1676 788 1741 830 17.
1766 779 1872 819 Par-

212 886 215 887 7
238 832 316 873 tim
341 831 386 873 in
409 831 587 886 studijs,
614 831 775 887 partim
805 832 851 873 in
880 832 1094 874 docendis
1118 834 1288 888 pueris.
1327 835 1396 877 18.
1431 836 1592 877 Habeo
1616 843 1719 878 vota
1742 837 1798 878 ab
1820 851 1877 879 eo

239 898 457 947 tempore,
484 905 575 945 quo
597 891 761 933 missus
786 891 849 933 fui
872 893 1013 934 Roma
1042 893 1333 959 Florentiam,
1366 901 1472 936 sunt
1508 894 1566 949 (ni
1596 896 1736 949 fallor)
1761 910 1874 950 qua-

240 959 341 992 tuor
363 950 483 993 anni.
515 951 678 1006 [Mag]
713 964 748 993 1.
777 952 902 1006 Lego
922 951 1263 1006 grammaticam
1282 953 1481 1004 latinam,
1508 953 1719 1008 epistolas
1742 955 1875 998 Cice-

239 1010 376 1062 ronis,
403 1009 644 1065 syntaxim,
672 986 978 1065 ρ1650111ε1111ῗ
973 1011 1313 1066 grammaticam
1337 1026 1559 1067 graecam.
1577 1015 1678 1070 Jam
1698 1015 1880 1056 duobus

239 1069 369 1112 annis
391 1069 437 1111 in
460 1071 545 1111 hoc
568 1084 756 1111 munere
779 1070 1083 1125 praeceptoris
1108 1085 1278 1114 uersor
1307 1071 1459 1114 Primo
1483 1073 1631 1114 medio
1649 1088 1769 1115 anno
1791 1074 1875 1115 mi-

239 1128 384 1171 nimos
407 1143 574 1184 pueros
597 1129 729 1171 docui
752 1130 921 1183 legere,
942 1130 1142 1172 secundo
1165 1132 1314 1185 medio
1337 1146 1455 1173 anno
1478 1133 1724 1185 Donatum3
1752 1140 1876 1188 post-

240 1202 293 1230 ea
316 1189 473 1231 eadem
497 1203 612 1243 quae
636 1202 772 1230 nunc.
801 1186 946 1245 [Sele]
980 1201 1018 1231 1.
1062 1189 1226 1232 Literis
1254 1205 1435 1246 operam
1460 1191 1563 1233 dedi
1589 1167 1782 1245 quatuor
1806 1193 1877 1234 vel

240 1247 441 1303 quinque
487 1247 616 1290 annis
654 1256 757 1290 ante
786 1247 1042 1314 ingressum
1071 1248 1115 1290 in
1147 1249 1442 1300 Societatem,
1475 1251 1575 1302 sed,
1608 1251 1662 1306 ijs
1691 1251 1875 1303 relictis

241 1321 313 1348 me
337 1307 615 1350 contuleram
639 1308 695 1349 ad
719 1307 890 1362 praxim
910 1307 1118 1360 aulicam,
1140 1315 1183 1351 et
1202 1309 1263 1351 ita
1282 1309 1442 1351 tradidi
1461 1317 1625 1352 cuncta
1643 1311 1877 1353 obliuioni

242 1366 530 1410 Florentiae
521 1382 565 1407 in
590 1366 782 1419 collegio
812 1366 989 1422 incoepi
1019 1382 1044 1409 a
1073 1368 1503 1423 grammaticalibus,
1535 1376 1580 1412 et
1608 1370 1669 1413 ita
1692 1370 1878 1426 perueni

241 1427 298 1469 ad
322 1425 556 1468 retoricam
581 1433 626 1469 et
648 1403 958 1469 dialecticam..
972 1425 1096 1483 [HL
1124 1428 1210 1485 619
1226 1429 1338 1483 632]

343 1498 378 1528 1.
438 1485 674 1541 johannes
703 1486 1013 1541 Gzangzamts
1036 1501 1187 1529 vocor.
1217 1500 1257 1529 2.
1284 1489 1445 1531 Annos
1473 1488 1723 1531 octodecim
1748 1496 1885 1530 natus

245 1559 361 1587 511111
394 1558 434 1598 3.
463 1545 573 1588 Sum
598 1544 781 1588 natione
803 1547 967 1601 gallus,
995 1542 1136 1601 patria
1164 1554 1208 1590 et
1237 1547 1499 1604 episcopatu
1522 1547 1856 1604 lugdunensis..

252 1616 319 1646 12.
349 1605 554 1659 Ouartus
577 1604 745 1646 mensis
769 1618 871 1646 cum
896 1605 1081 1647 dimidio
1104 1606 1270 1661 agitur,
1296 1622 1341 1649 1n
1366 1622 1455 1662 quo
1477 1622 1576 1650 sum
1606 1607 1651 1649 in
1674 1607 1881 1650 Societa—

246 1672 335 1706 tem
360 1671 570 1718 receptus
600 1678 625 1706 a
656 1666 707 1706 P
742 1664 972 1717 Guidone,
1005 1642 1160 1708 Patre3
1169 1667 1387 1721 generale·
1410 1666 1712 1722 permittente3
1746 1665 1886 1720 idque

244 1723 289 1764 in
314 1723 555 1779 collegium
594 1723 874 1767 billomense.
909 1737 974 1777 14.
1018 1726 1121 1767 Non
1159 1739 1258 1768 sum
1288 1727 1514 1778 sacerdos,
1546 1740 1629 1769 nec
1657 1727 1713 1768 ad
1742 1727 1882 1768 ullum

245 1796 424 1824 sacrum
449 1783 650 1825 ordinem
676 1791 921 1838 promotus.
957 1794 1022 1837 15.
1060 1784 1144 1826 Fui
1174 1786 1410 1827 dumtaxat
1439 1786 1484 1827 in
1513 1785 1765 1828 billomensi
1788 1786 1877 1827 col-

245 1841 385 1897 legio.
414 1840 551 1899 [Sela]
582 1855 617 1885 Ι.
647 1843 916 1886 Octodecim
941 1858 1083 1885 annos
1107 1852 1240 1887 natus
1264 1859 1380 1887 sum.
1414 1846 1462 1887 In
1486 1845 1647 1900 studijs
1679 1852 1887 1887 versatus

245 1916 363 1952 sum,
391 1907 481 1944 tam
512 1901 835 1957 grammaticis,
871 1917 1004 1957 quam
1028 1903 1278 1955 rhetoricis,
1305 1905 1461 1948 decem
1485 1919 1708 1947 annorum
1739 1903 1887 1970 spatio

249 1961 347 2015 plus
385 1960 550 2012 minus,
578 1960 738 2016 partim
779 1969 1020 2017 antequam
1061 1962 1106 2003 in
1145 1963 1419 2007 Societatem
1458 1964 1696 2019 recipeier,
1723 1963 1884 2023 partim

246 2019 292 2061 in
315 2020 505 2063 eandem
529 2028 753 2075 receptus.
781 2019 870 2077 [HL
905 2023 1013 2074 728-
1019 2021 1120 2080 730]

344 2092 379 2121 Ι.
440 2079 644 2135 summes
668 2081 962 2123 Hazch07zzzts
991 2094 1031 2123 2.
1066 2082 1214 2124 Credo
1245 2092 1316 2136 25,
1349 2090 1426 2125 aut
1456 2083 1527 2134 26,
1560 2090 1638 2124 aut
1667 2083 1780 2124 forte
1810 2093 1883 2134 27.

249 2151 289 2191 3.
338 2139 684 2195 Lotharingius,
732 2140 960 2192 tullensis,
1002 2141 1358 2184 rambertinus...
1413 2154 1477 2184 12.
1526 2143 1643 2185 Sunt
1687 2141 1889 2196 quinque

250 2211 354 2239 cum
378 2197 565 2240 dimidio
589 2206 667 2241 aut
690 2214 768 2242 sex
792 2201 961 2243 Romae
984 2200 1029 2241 in
1052 2201 1204 2252 domo,
1232 2200 1296 2242 fui
1325 2201 1661 2244 examinatus...
1695 2212 1760 2266 15.
1794 2202 1860 2242 Ro

249 2272 399 2308 mano,
425 2258 656 2313 patauino,
684 2258 955 2310 ferrariensi,
984 2260 1283 2303 turnonensi..
1296 2294 1303 2302 .
1338 2261 1403 2303 16.
1430 2260 1769 2304 Feciexercitia
1793 2259 1887 2314 spi-

248 2293 428 2359 ritualia
452 2332 529 2372 per
558 2329 606 2371 15
633 2317 742 2361 dies.
771 2319 820 2360 In
844 2319 1040 2379 seruitijs
1063 2319 1323 2363 domesticis
1345 2334 1425 2375 per
1443 2335 1660 2373 mensem,
1682 2326 1768 2363 etc.
1789 2320 1885 2361 Dom

248 2375 322 2417 cui
361 2376 614 2419 doctrinam
654 2377 942 2426 christianam
986 2393 1066 2434 per
1109 2393 1326 2422 mensem.
1371 2379 1540 2421 Audivi
1578 2355 1890 2423 emisessiones

249 2435 377 2488 quasi
400 2451 479 2491 per
501 2437 616 2478 duos
639 2451 797 2479 annos.
824 2437 939 2493 Legi
962 2438 1088 2492 quasi
1117 2453 1197 2494 per
1228 2446 1317 2481 tres
1346 2453 1523 2481 annos..
1535 2441 1773 2495 ‚Joannes
1796 2439 1888 2480 Lo-

249 2493 504 2551 tharingus.
533 2495 621 2551 [HL
650 2496 750 2554 785]

346 2567 381 2597 1.
441 2554 646 2610 joannes
688 2554 947 2599 Herbez‘ius.
997 2568 1042 2598 2.
1096 2556 1304 2612 Triginta
1345 2571 1486 2599 annos
1528 2571 1628 2599 sum
1670 2563 1804 2599 natus
1846 2557 1878 2596 ¹.

252 2625 292 2665 3.
331 2613 491 2656 Gallus
529 2614 728 2662 natione,
772 2615 1057 2671 lotharingus
1095 2616 1343 2671 prouincia,
1381 2616 1527 2671 ,patria
1557 2631 1656 2658 mea
1684 2622 1753 2657 est
1781 2616 1891 2656 vrbs

249 2671 367 2715 inter
405 2675 551 2716 Metas
588 2681 633 2716 et
671 2675 940 2718 Verdunum
978 2675 1079 2727 sita,
1121 2677 1242 2729 quod
1279 2673 1373 2733 [sic]
1413 2676 1602 2719 Stanum
1637 2682 1885 2717 vocatur...

257 2743 323 2773 12.
352 2732 491 2774 Anno
517 2732 897 2789 quinquagesimo
914 2741 1058 2785 sexto,
1081 2734 1224 2789 primo
1241 2734 1313 2778 die
1330 2734 1563 2778 Februarii
1584 2735 1645 2790 (vt
1663 2733 1887 2787 arbitror),

249 2790 469 2836 Coloniae
487 2806 587 2834 sum
607 2793 831 2836 admissus
850 2794 906 2835 ad
924 2794 1237 2849 probationem
1257 2794 1496 2838 Societatis
1514 2801 1709 2847 nostrae,
1731 2793 1888 2835 saltem

322 2934 330 2952 ¹
383 2933 468 2968 Hoc
487 2938 547 2967 est
566 2934 731 2979 primum
752 2946 930 2970 examen.
952 2936 996 2970 In
1022 2935 1193 2971 secundo
1212 2935 1266 2971 ait
1285 2947 1326 2971 se
1351 2935 1530 2981 attigisse
1557 2944 1601 2980 25
1626 2947 1767 2971 annum
1784 2935 1886 2971 circa

245 2977 389 3014 festum
408 2980 636 3016 Nativitatis
656 2983 752 3028 Jesu
772 2983 917 3018 Christi
938 2984 986 3017 D
1008 2984 1056 3018 N.
