1958 3210
226 170 272 205 26
792 168 835 202 P.
863 167 1051 202 NATALIS
1076 168 1297 202 EPHEMER.

227 271 353 313 uisus
382 276 451 312 est
490 271 542 312 P.
585 270 620 311 F
624 267 856 310 ranciscus
886 267 1090 312 timuisse
1122 283 1177 312 ne
1200 283 1288 325 ego
1317 248 1615 326 impedirems
1636 268 1758 324 quod
1787 267 1864 310 vix

226 354 348 390 esset
368 360 581 402 egressus
606 357 630 387 2
655 359 797 387 annos
820 345 1099 400 probationis
1122 345 1478 388 Bustamantius.
1505 348 1675 388 Datum
1695 351 1763 388 est
1781 358 1860 387 ne-

228 423 411 479 gocium
433 424 492 465 D.
519 421 649 465 Torri
670 429 720 463 vt
749 421 964 466 retineret
986 423 1217 466 Granatae
1250 424 1302 465 P.
1329 423 1542 474 Aluarez,
1575 422 1652 478 qui
1675 422 1861 465 dederat

227 501 479 557 domum-et
499 498 653 542 nescio
676 513 792 553 quae
814 505 1046 554 praeterea
1070 498 1299 543 Societati.
1328 501 1492 544 Postea
1514 514 1567 544 eo
1597 506 1667 543 est
1695 498 1860 541 missus

168 572 169 575 ¹
228 576 504 621 Salmantica
528 578 574 618 P.
602 575 754 628 Auila,
779 575 856 631 qui
878 575 1024 619 euasit
1041 575 1224 631 quidem
1240 575 1433 632 insignis
1450 576 1759 628 concionator,
1780 576 1861 619 sed

229 654 340 709 obijt
362 653 512 698 breui:
559 654 616 697 de
650 653 1020 709 peregrinatione
1062 654 1153 696 don
1198 653 1455 709 San25chij
1482 669 1507 696 a
1543 649 1757 697 Castella:
1789 653 1863 697 del

228 732 485 774 Talabarte:
512 731 568 773 de
590 729 789 774 mulione
818 730 895 785 qui
924 730 1100 774 inuenit
1128 745 1255 774 suam
1285 731 1511 774 clitellam:
1539 732 1595 773 de
1633 730 1865 774 Bernardo

227 807 351 850 socio
392 810 443 851 P.
480 807 725 850 Francisci.
763 810 1024 864 Metymnae
1061 807 1418 850 concionabatur
1450 810 1501 850 P.
1530 806 1735 863 Baptista
1761 820 1866 849 cum

229 900 399 942 magno
417 886 601 942 spiritus
624 887 818 929 feruore.
846 886 1112 929 Attulerant
1140 885 1238 929 eius
1260 885 1501 928 conciones
1530 899 1747 941 magnum
1771 885 1868 926 fru—

230 970 355 1006 ctum
377 963 681 1008 conscientiae
705 962 979 1006 auditorum.
1002 963 1206 1006 Intellexi
1224 970 1375 1006 actum
1398 976 1498 1006 esse
1515 963 1571 1006 de
1589 961 1868 1018 profectione

233 1040 411 1096 Araozij
442 1055 547 1083 cum
577 1039 801 1096 Philippo,
834 1046 879 1082 et
908 1055 1015 1095 prae
1037 1055 1085 1083 se
1118 1040 1221 1082 tulit
1258 1039 1354 1096 ipse
1382 1046 1621 1095 propterea
1648 1053 1740 1081 non
1768 1052 1868 1082 esse

230 1118 502 1173 profectum,
525 1118 649 1172 quod
665 1117 792 1160 locus
810 1116 872 1159 illi
890 1117 1031 1160 maior
1045 1117 1195 1173 potuit
1210 1132 1344 1173 quam
1380 1131 1460 1173 pro
1478 1117 1710 1172 theologo,
1735 1121 1807 1158 etc
1834 1117 1863 1158 ¹.

324 1238 404 1280 26
888 1237 1213 1280 TORDESILLIS

323 1350 389 1393 Ibi
417 1349 650 1392 habitabat
680 1350 892 1404 frequens
921 1349 970 1410 [?]
1001 1351 1052 1393 Ρ.
1095 1350 1386 1404 Franciscus,
1419 1358 1467 1392 vt
1495 1349 1773 1406 experiretur
1811 1363 1870 1390 an

232 1428 380 1471 iuuari
403 1434 554 1483 posset
578 1426 736 1483 regina
764 1428 979 1470 Iohanna.
1013 1427 1117 1470 Vidi
1149 1428 1414 1484 mysterium
1443 1427 1643 1484 reginae.
1671 1425 1736 1469 Ibi
1759 1440 1870 1468 con-

236 1505 317 1547 tuli
346 1519 449 1547 cum
474 1505 669 1560 quodam
699 1504 839 1547 nobili
868 1504 1050 1548 bethico
1082 1506 1137 1548 de
1167 1505 1327 1548 litteris
1355 1504 1562 1549 hebraeis
1591 1505 1624 1556 ²,
1658 1503 1782 1559 quod
1808 1502 1872 1545 ita

234 1583 371 1625 vellet
394 1583 447 1624 P.
469 1583 504 1624 F
509 1581 753 1625 ranciscus.
781 1581 989 1625 Liberius
1011 1582 1191 1625 locutus
1213 1567 1314 1625 sum
1338 1589 1405 1625 ter
1428 1583 1442 1603 ⁵
1467 1580 1643 1625 sedenti
1665 1580 1711 1622 in
1732 1580 1868 1633 lecto,

235 1660 273 1702 si
296 1660 478 1716 galerus
500 1658 698 1711 eueniat,
725 1658 917 1714 amplius
940 1674 1031 1702 non
1054 1660 1333 1702 confisurum
1361 1675 1434 1703 me
1461 1674 1560 1702 esse
1589 1657 1869 1701 nobilitatem

236 1737 282 1779 in
304 1738 406 1793 lege
429 1735 507 1780 X.i
527 1736 660 1778 sitam
678 1736 724 1779 in
741 1735 891 1779 medio
910 1736 1025 1788 foro,
1046 1736 1083 1779 si
1107 1737 1206 1791 quis
1229 1737 1339 1780 velit
1359 1736 1457 1780 fieri
1480 1735 1643 1779 nobilis
1664 1735 1696 1777 ¹⁴.
1728 1735 1734 1792 Ι
1763 1735 1868 1777 Huc

234 1814 360 1857 venit
391 1814 549 1856 doctor
579 1815 759 1865 Torres,
791 1821 837 1857 et
863 1813 969 1856 hinc
998 1813 1210 1857 dimissus
1237 1822 1307 1857 est
1334 1814 1381 1857 in
1409 1829 1535 1857 suam
1569 1811 1865 1869 prouinciam.

237 1893 290 1934 P.
324 1890 594 1933 Franciscus
623 1890 739 1934 serio
769 1890 864 1946 agit
901 1892 956 1934 de
991 1892 1125 1934 domo
1163 1891 1438 1945 simancana3
1470 1891 1592 1946 quod
1628 1889 1870 1946 negocium

236 1969 370 2024 paulo
392 1975 497 2024 post
518 1983 654 2023 quam
684 1982 772 2024 ego
801 1968 1108 2012 discessissem
1137 1969 1348 2012 confecit:
1384 1968 1544 2024 reliqui
1566 1968 1630 2010 illi
1658 1969 1871 2011 Ioannem

236 2047 447 2099 Paulum,
473 2060 608 2101 quem
638 2047 770 2102 plane
788 2060 860 2088 me
876 2046 1131 2102 relinquere
1160 2045 1221 2105 [in
1239 2046 1460 2103 Hispania
1476 2045 1719 2105 cupiebat],
1752 2045 1874 2100 quod

233 2138 323 2179 ego
345 2138 435 2166 non
461 2123 547 2166 feci
571 2125 601 2166 ⁵.
628 2123 734 2166 Fuit
762 2138 906 2180 graue
930 2125 981 2167 P.
1010 2124 1250 2167 Francisco
1273 2124 1503 2180 suscipere
1537 2124 1648 2166 illud
1671 2137 1803 2175 onus,
1829 2128 1874 2166 et

234 2201 345 2242 illud
364 2200 606 2257 praecipue
634 2207 826 2245 testatus
855 2209 939 2254 est,
967 2208 1012 2246 et
1040 2201 1275 2246 contendit
1296 2216 1345 2244 se
1367 2216 1458 2243 non
1487 2200 1692 2257 accipere
1720 2214 1874 2243 curam

237 2278 505 2322 animarum:
546 2277 620 2321 cui
657 2293 746 2335 ego
777 2279 839 2322 ita
870 2279 1083 2335 respondi
1105 2277 1185 2338 [ut]
1208 2278 1511 2335 significarem
1529 2293 1620 2321 non
1638 2292 1770 2333 posse
1793 2277 1874 2321 ad—

238 2354 481 2398 ministrari
523 2355 643 2398 illam
684 2355 968 2412 prouinciam
1012 2356 1183 2411 absque
1230 2370 1339 2399 cura
1382 2356 1646 2398 animarum.
1673 2355 1746 2397 2?
1768 2353 1875 2398 Dixi

242 2434 292 2474 P.
320 2431 563 2475 Francisco
585 2432 823 2477 discedens
851 2439 900 2476 vt
927 2448 1082 2476 curam
1113 2440 1294 2489 gereret
1315 2432 1413 2476 eius
1435 2432 1589 2488 partis,
1621 2447 1757 2488 quam
1785 2445 1874 2488 ego

239 2509 545 2563 visssitaueram3
587 2509 804 2553 scriberet
842 2517 993 2554 tamen
1030 2511 1087 2553 ad
1125 2525 1196 2554 me
1233 2511 1377 2553 donec
1415 2509 1551 2554 sciret
1579 2524 1651 2553 me
1689 2524 1790 2554 esse
1826 2508 1874 2551 in

242 2586 480 2642 Hispania.
513 2587 519 2645 Ι

318 2689 326 2709 ¹
379 2688 465 2722 Fol.
491 2696 534 2732 25
554 2700 595 2723 v.
618 2700 784 2723 vacuum
803 2689 983 2724 relictum
998 2688 1087 2724 fuit.

313 2749 327 2768 ‘2
378 2747 467 2790 Ms.‚
487 2747 682 2783 haebrei&

315 2808 328 2827 ³
379 2808 468 2852 Ms.,
492 2817 527 2852 3.

315 2868 330 2887 ⁴
379 2866 480 2901 Vide
500 2867 615 2913 epist.
634 2867 698 2912 67.

313 2927 327 2947 ⁵
378 2926 465 2961 Non
483 2927 586 2962 clare
603 2932 766 2973 apparet
782 2927 897 2973 hujus
921 2929 1119 2963 clausulae
1145 2937 1298 2964 sensus.
1321 2929 1486 2965 Videtur
1505 2935 1635 2965 tamen
1658 2931 1730 2965 hoc
1760 2929 1879 2975 signi-

242 2985 360 3020 ficare
378 2991 513 3021 auctor
529 2986 717 3033 voluisse,
737 2986 841 3034 quod
859 2987 960 3022 intra
979 2987 1141 3023 uncinos
1161 2988 1351 3025 addimus.
1373 2988 1473 3024 Vide
1492 2988 1607 3036 infra,
1627 3000 1716 3037 pag.
1737 2988 1799 3024 30.
