1958 3210
862 163 951 206 1556
1676 172 1714 198 11

92 270 257 313 artium
294 267 559 310 liberalium.
603 269 655 310 Ρ.
692 263 1031 308 Bustamantius
1060 262 1347 318 prouincialis
1378 263 1427 305 fit
1458 263 1672 306 Bethicae
1695 280 1720 306 a

98 349 134 390 Ρ
142 381 150 389 .
175 348 210 389 F
214 344 430 395 raneiseo,
456 352 500 386 et
517 346 573 386 D.
597 345 762 386 Torres
779 340 1067 397 prouincialis
1091 339 1399 395 Portugalliae
1417 354 1468 382 ac
1486 340 1719 384 confessa-

96 422 188 465 rius
210 421 408 476 reginae.
438 422 489 463 P.
517 419 664 462 Miron
682 418 937 461 absoluerat
956 416 1213 458 triennium:
1235 416 1398 459 missus
1416 424 1484 460 est
1503 417 1558 459 ad
1581 417 1713 460 colle-

95 498 221 555 gium
249 497 542 540 valentinum.
576 496 781 539 Vibonae
809 493 854 535 in
882 493 1033 537 Sicilia
1060 499 1128 535 est
1161 492 1448 536 aedificatum
1478 507 1530 535 ac
1554 493 1718 535 funda-

96 572 501 630 tunicosseghnnzl
529 569 1718 615 docentnosniac‹xnufionantur.[kuanstffzsteniin

91 650 245 695 Sicilia
267 650 527 692 inchoatum
552 648 812 704 collegium:
834 646 945 701 legit
968 661 1083 688 vnus
1106 661 1130 688 e
1148 645 1311 688 nostris
1330 660 1461 688 casus
1480 646 1718 690 conscien—

93 727 196 771 tiae.
224 727 530 769 Concionatur
553 727 704 768 Canus
728 725 947 767 aduersus
965 722 1254 766 Societatem:
1283 722 1443 764 satisfit
1466 723 1605 765 verbo
1627 724 1713 778 pri—

93 818 165 846 mo
198 803 445 858 Hispaniae
474 801 681 858 praesidi.
724 799 1116 855 Monteregianum
1147 798 1388 853 collegium
1422 798 1467 840 in
1500 799 1720 854 Hispania

93 880 368 922 inchoatum.
416 882 589 922 Domus
633 876 907 933 probationis
945 877 1175 919 Granatae
1225 874 1529 917 constituitur.
1582 876 1718 918 Creat

95 959 146 1000 Ρ.
172 957 207 999 F
211 956 439 998 ranciscus
463 956 714 1011 professum
738 956 799 997 M.
824 952 1071 1007 Baptistam
1096 953 1403 1002 Barmensem,
1426 967 1564 993 vnum
1588 967 1719 1006 prae—

83 1041 216 1078 terea
239 1033 550 1075 coadiutorem
575 1031 850 1086 spiritualem
875 1045 927 1072 ac
948 1044 1088 1071 vnum
1112 1030 1417 1084 temporalem.
1451 1028 1651 1085 Nauigat
1674 1029 1719 1071 in

94 1111 265 1153 Indiam
294 1109 548 1166 patriarcha
586 1107 856 1163 Efflyopiae,
889 1114 933 1150 et
971 1106 1209 1162 episcopus
1247 1106 1454 1148 Ouedius
1492 1106 1580 1148 40
1614 1120 1717 1148 cum

94 1188 356 1240 P.Goncalo
379 1194 423 1230 et
443 1189 493 1229 P.
516 1185 756 1228 Francisco
774 1184 1004 1234 Enrichio,
1026 1190 1111 1226 etc.
1136 1182 1296 1226 Libere
1314 1190 1484 1225 vouent
1501 1183 1717 1226 obedien-

94 1263 199 1306 tiam
222 1263 437 1308 Societati
459 1276 487 1316 4
509 1261 749 1318 principes,
778 1275 801 1315 3
829 1261 1071 1312 seculares,
1098 1271 1192 1313 4.11S
1221 1259 1569 1311 ecclesiasticus,
1597 1261 1718 1314 quod

91 1341 252 1383 volunt
285 1354 384 1383 esse
416 1346 656 1382 secretum.
699 1339 959 1393 Coeperunt
996 1335 1168 1379 cantari
1200 1350 1416 1391 vesperae
1449 1336 1494 1378 in
1526 1336 1720 1380 ecclesia

90 1418 251 1459 domus
273 1431 483 1460 romanae
505 1414 810 1458 modulatione
833 1428 860 1467 4
882 1428 1062 1456 vocum.
1089 1413 1256 1468 Migrat
1279 1413 1335 1454 ad
1358 1412 1602 1455 Dominum
1630 1416 1720 1456 Pa-

92 1500 159 1536 ter
181 1500 331 1536 noster
354 1492 558 1549 Ignatius
581 1491 737 1534 vltimo
760 1491 831 1534 die
855 1490 969 1542 Iulii,
1002 1497 1107 1546 post
1134 1489 1266 1532 cuius
1295 1489 1469 1532 obitum
1500 1491 1719 1533 obserua—

93 1577 187 1613 tum
210 1577 278 1614 est
295 1570 570 1613 alacritatem
594 1568 778 1630 spiritus
800 1583 898 1611 esse
921 1567 967 1610 in
990 1566 1199 1610 omnibus
1217 1567 1383 1609 nostris
1406 1567 1572 1622 passim
1596 1567 1722 1611 exci-

95 1654 232 1690 tatam
260 1654 361 1702 post
389 1647 623 1702 paululum
651 1645 850 1701 stuporis
887 1644 1121 1687 cuiusdam
1151 1658 1203 1686 ac
1241 1643 1412 1686 doloris
1445 1645 1502 1686 ad
1526 1643 1720 1699 primum

94 1723 318 1766 nuntium.
351 1722 357 1781 Ι
386 1724 576 1766 Creatur
597 1721 793 1765 vicarius
823 1720 1048 1777 generalis
1078 1719 1318 1764 Societatis
1344 1722 1394 1763 P.
1423 1722 1601 1776 Laynes
1623 1722 1722 1763 suf-

94 1799 251 1856 fragijs
275 1802 337 1843 M.
365 1799 566 1851 Polanci,
592 1801 649 1842 D.
673 1797 841 1850 Ollaui,
864 1800 925 1840 M.
948 1799 982 1840 F
987 1796 1093 1852 rusij
1119 1811 1171 1839 ac
1190 1799 1241 1839 P.
1265 1797 1433 1852 Pontij,
1455 1797 1629 1841 etiamsi
1647 1797 1720 1840 hic

93 1892 183 1920 non
205 1877 263 1920 sit
284 1878 513 1933 professus
536 1889 563 1929 4
580 1883 804 1927 votorum,
831 1875 911 1918 sed
933 1874 1067 1917 trium
1091 1880 1282 1916 tantum.
1306 1876 1367 1916 M.
1392 1873 1623 1917 Bobadilla
1642 1889 1719 1918 ae·

91 1962 276 2011 grotans
300 1954 483 2010 Tybure
504 1952 681 2009 scripsit
703 1967 753 1996 se
775 1953 978 1995 futurum
1006 1951 1052 1993 in
1073 1953 1234 1994 horum
1264 1951 1502 1994 sententia.
1542 1963 1591 2005 17
1615 1953 1717 1994 Au-

90 2031 215 2088 gusti
246 2034 297 2074 P.
329 2030 555 2087 Ignatium
585 2037 769 2074 secutus
797 2036 866 2072 est
888 2031 944 2071 D.
979 2027 1203 2072 Ollauius.
1237 2029 1531 2071 Conuocatur
1559 2029 1586 2070 6
1614 2029 1715 2071 Au-

90 2108 214 2164 gusti
235 2107 438 2152 Societas
455 2108 512 2150 ad
534 2113 811 2150 conuentum
835 2106 1094 2161 generalem
1117 2104 1242 2146 iuxta
1264 2104 1616 2148 constitutiones
1638 2119 1716 2149 ce-

91 2185 372 2237 lebrandum,
398 2191 443 2228 et
464 2183 607 2240 primo
631 2197 811 2238 quoque
840 2190 1041 2238 tempore
1063 2196 1219 2224 omnes
1251 2181 1335 2223 iter
1364 2181 1712 2237 aggrediuntur,

95 2262 165 2304 41
195 2268 240 2306 et
266 2263 454 2305 Romam
488 2260 672 2304 venient
699 2259 896 2315 acceptis
934 2258 1004 2302 his
1047 2257 1203 2301 literis.
1241 2258 1406 2301 Euenit
1434 2265 1484 2300 ut
1507 2271 1530 2312 3
1564 2266 1717 2301 essent

94 2337 343 2382 Vallisoleti
372 2337 418 2380 in
447 2336 667 2393 Hispania
700 2336 1016 2392 prouincialeS,
1050 2337 1102 2378 P.
1135 2336 1301 2388 Araoz‚
1335 2336 1387 2377 P.
1426 2334 1633 2379 Stradius
1663 2350 1716 2378 ac

95 2416 147 2458 P.
181 2414 535 2458 Bustamantius:
571 2420 804 2469 praeterea
826 2415 878 2456 P.
910 2414 945 2456 F
949 2412 1180 2455 ranciscus
1207 2419 1253 2456 et
1277 2414 1329 2455 P.
1362 2411 1551 2455 Natalis:
1583 2427 1716 2468 para—

91 2492 200 2535 bant
235 2507 283 2535 se
319 2491 467 2535 itineri
502 2490 678 2545 reliqui.
716 2492 767 2533 P.
801 2489 1093 2533 Franciscum
1121 2495 1398 2532 censuerunt
1431 2488 1594 2532 medici
1622 2496 1714 2532 tam

91 2569 279 2625 longum
306 2568 391 2611 iter
417 2583 510 2611 non
538 2582 672 2623 posse
699 2567 922 2610 conficere
951 2567 1121 2620 absque
1150 2565 1308 2608 salutis
1342 2565 1628 2609 detrimento:
1659 2581 1715 2610 ex

91 2645 369 2701 Portugallia
403 2648 560 2689 Patres
593 2644 676 2687 iter
707 2643 842 2687 etiam
874 2650 980 2685 sunt
1012 2641 1226 2698 ingressi.
1262 2641 1463 2697 Reliquis
1503 2642 1715 2685 Patribus

90 2721 334 2777 Hispaniae
355 2721 533 2777 scripsit
557 2724 609 2764 P.
636 2723 671 2764 F
674 2719 905 2763 ranciscus
926 2727 976 2762 vt
998 2719 1061 2762 nil
1083 2718 1242 2762 morati
1268 2718 1376 2762 item
1399 2720 1587 2762 Romam
1610 2734 1704 2775 pro>

90 2798 411 2843 ficiscerentur.
439 2801 476 2842 E
497 2797 741 2842 Germania
762 2798 854 2840 duo
879 2799 1038 2840 Patres
1061 2795 1301 2839 Patauium
1329 2810 1472 2851 Vsque
1495 2811 1714 2852 pervene-

93 2881 215 2928 runt;
246 2876 327 2919 sed
354 2889 491 2930 quum
520 2875 622 2919 illae
654 2874 831 2917 litterae
862 2873 1033 2930 priores
1061 2879 1384 2916 reuocarentur
1421 2884 1474 2927 25
1514 2873 1715 2929 Augusti

93 2958 274 3007 propter
300 2951 466 2995 bellum
499 2951 616 2996 inter
640 2951 830 2994 Paulum
855 2963 882 3004 4
904 2957 950 2993 et
973 2949 1230 3006 Philippum
1260 2964 1414 3006 regem
1442 2949 1717 2992 catholicum
