1958 3210
257 190 321 224 180
804 184 930 220 EP1ST
939 211 947 219 .
980 184 1009 219 P
1019 211 1028 219 .
1060 184 1330 229 NADAL—24o

250 287 520 333 beneficium
563 285 811 341 accipiunt,
855 299 1118 340 sacramque
1157 285 1521 329 communionem
1563 300 1738 330 summa
1776 301 1879 330 cum
1938 275 1940 314 l

249 364 490 409 deuotione
512 369 714 405 sumunt.
740 361 869 405 Multi
888 361 1139 418 praeteritis
1157 361 1316 404 diebus
1334 361 1471 405 totius
1489 362 1610 405 uitae
1629 369 1881 407 transactae
1940 367 1944 416 ζ

249 441 507 497 generalem
545 439 665 494 apud
703 453 784 480 nos
825 439 973 482 fecere
999 438 1342 481 confessionem.
1376 439 1595 482 Nonnulli
1618 439 1886 495 grauissima
1942 435 1943 438 ¹

252 524 450 573 peccata,
478 517 700 558 hactenus
724 515 898 570 pudore
921 516 1084 567 uelata,
1103 529 1225 557 nunc
1248 515 1406 558 timore
1431 516 1587 558 mortis
1610 516 1885 560 confessario

253 607 514 649 apperuere.
534 593 637 635 Non
653 591 783 647 pauci
803 591 931 647 quasi
947 598 1103 634 uotum
1121 593 1347 646 quoddam
1365 593 1526 645 fecere,
1542 600 1608 646 ut,
1625 593 1697 635 uel
1711 593 1887 637 decimo

251 670 407 725 quinto
427 669 514 721 die,
537 670 610 710 uel
628 668 830 723 quolibet
847 682 1017 719 mense,
1039 682 1213 711 sacram
1231 668 1443 724 deinceps
1461 676 1641 712 sumant
1659 669 1881 725 synaxim.

253 746 450 802 Quidam
468 745 654 801 juuenis
672 759 920 788 conuersus
938 746 994 787 ad
1012 744 1181 788 Christi
1198 745 1449 797 ecclesiam,
1470 760 1687 801 magnum
1706 748 1888 790 chartae

253 824 503 874 cumulum,
526 822 714 878 magicis
733 822 915 877 plenum
935 821 1121 874 artibus,
1143 821 1189 863 in
1207 822 1433 866 Sathanae
1451 822 1762 867 confusionem
1779 838 1888 879 ope-

256 915 304 943 ra
327 909 587 943 nostrorum
626 899 836 941 incendio
864 898 1068 952 tradidit,
1099 906 1144 941 et
1165 898 1210 940 in
1234 905 1432 942 nostram
1456 899 1727 943 Societatem
1753 900 1890 956 recipi

254 979 547 1021 uehementer
574 976 714 1032 cupit.
752 975 873 1018 Hinc
896 976 1066 1018 factum
1095 990 1193 1018 esse
1216 976 1372 1028 credo,
1404 983 1454 1018 ut
1482 975 1559 1031 qui
1589 975 1694 1018 olim
1724 977 1891 1020 nostris

252 1056 566 1099 detrectabant
588 1053 771 1105 studiis,
805 1067 978 1108 nosque
1007 1068 1184 1096 summo
1213 1054 1602 1109 prosequebantur
1624 1053 1742 1106 odio,
1769 1068 1890 1097 nunc

251 1131 375 1175 hisce
405 1130 729 1174 tentationibus
768 1129 873 1172 facti
904 1129 1241 1185 prudentiores,
1282 1130 1473 1186 diligant
1511 1145 1592 1172 nos
1625 1138 1885 1186 amentque,

255 1209 359 1252 licet
382 1224 473 1251 non
496 1222 652 1251 omnes
676 1207 721 1249 in
745 1209 830 1249 hoc
859 1206 1039 1263 pietatis
1070 1221 1238 1263 genere
1260 1206 1549 1263 profecerint.
1581 1208 1740 1262 Neque
1770 1207 1890 1252 enim

255 1286 515 1337 defuerunt,
549 1284 625 1340 qui
655 1285 735 1341 (ob
767 1284 980 1340 temporis
1009 1283 1217 1326 iniuriam
1246 1298 1349 1327 cum
1379 1285 1539 1340 fugere
1574 1299 1665 1326 non
1693 1285 1890 1341 possent)

256 1370 438 1419 propter
460 1362 710 1406 discessum
733 1361 839 1403 hinc
863 1369 1119 1403 nostrorum
1144 1362 1347 1413 fratrum,
1374 1361 1526 1404 nescio
1551 1376 1667 1416 quae
1684 1362 1740 1405 de
1761 1362 1892 1405 nobis

257 1439 559 1495 excogitarint
582 1439 816 1495 figmenta,
856 1437 1116 1481 dictitantes
1144 1440 1153 1458 ¹
1180 1438 1371 1493 jesuitas
1408 1440 1529 1481 haud
1558 1446 1766 1481 strenuos
1794 1454 1894 1483 esse

257 1516 454 1559 ciuitatis
476 1515 656 1568 milites,
683 1515 760 1571 qui
786 1516 940 1571 fugam
963 1514 1009 1557 in
1033 1514 1276 1559 certamine
1294 1523 1551 1571 capessunt3
1572 1523 1616 1559 et
1634 1517 1767 1558 modo
1784 1516 1894 1559 illud

257 1595 534 1648 completum
563 1607 683 1635 esse:
720 1594 976 1648 percutiam
1004 1595 1235 1647 pastorem
1267 1596 1306 1634 et
1339 1593 1665 1649 dispergentur
1696 1607 1822 1644 oues;
1850 1601 1894 1637 et

258 1670 518 1712 huiusmodi
542 1670 780 1725 quaedam,
807 1683 923 1724 quae
946 1684 1103 1725 parum
1128 1683 1237 1725 erga
1274 1684 1356 1711 nos
1379 1670 1723 1713 beneuolentiae
1746 1671 1896 1713 decla—

259 1748 434 1789 rabant.
464 1748 730 1798 Caeterum,
757 1761 860 1789 cum
884 1745 994 1788 nihil
1024 1746 1069 1788 in
1105 1745 1467 1789 administrandis
1497 1747 1800 1801 poenitentiae
1824 1762 1872 1789 sa
1885 1774 1893 1777 >-

260 1824 502 1868 cramentis
525 1823 610 1866 sibi
639 1825 797 1867 deesse
823 1823 1044 1876 uiderent,
1072 1838 1218 1878 neque
1242 1822 1286 1864 in
1310 1823 1541 1866 sacrificiis
1559 1824 1834 1879 quotidianis
1852 1831 1896 1866 et

261 1901 554 1943 concionibus
573 1907 650 1943 aut
670 1900 867 1942 consiliis
891 1900 1066 1952 dandis,
1095 1901 1263 1942 factum
1282 1907 1350 1943 est
1375 1907 1423 1942 ut
1445 1901 1690 1943 multorum
1714 1915 1791 1944 ora
1808 1901 1898 1943 sint

259 1978 456 2029 occlusa,
484 1977 692 2019 videntes
716 1976 1081 2029 sollicitudinem,
1113 1987 1247 2031 quam
1275 1976 1418 2020 nostri
1448 1991 1527 2032 pro
1551 1977 1707 2020 alienis
1732 1977 1898 2021 ouibus

263 2062 423 2110 sponte
447 2053 714 2109 suscipiunt.
739 2055 874 2097 Nunc
893 2053 1045 2108 itaque
1063 2055 1309 2096 multorum
1328 2053 1516 2098 iniuriae
1535 2062 1579 2098 et
1597 2055 1898 2098 detractiones

262 2131 497 2187 (quantum
521 2130 774 2190 intelligere
797 2131 1053 2186 possumus)
1076 2145 1253 2173 cessare
1273 2130 1500 2184 uidentur,
1526 2138 1570 2174 et
1589 2133 1731 2174 multo
1748 2132 1898 2187 plures

264 2223 398 2263 quam
421 2215 553 2250 antea
575 2215 858 2250 sacramenta
880 2214 925 2250 et
949 2207 1190 2251 conciones
1213 2208 1333 2263 apud
1355 2222 1440 2250 nos
1460 2207 1659 2252 uisitare.
1680 2209 1771 2252 Sed
1793 2222 1898 2253 ecce

264 2280 452 2331 Sathan,
474 2294 565 2321 non
584 2279 730 2321 ferens
748 2286 927 2321 nostros
949 2286 1156 2331 conatus,
1184 2279 1336 2322 nescio
1354 2294 1468 2334 quos
1490 2279 1667 2335 impulit
1689 2279 1896 2322 libidino-

263 2371 337 2400 sos
356 2364 420 2410 ut,
442 2355 538 2412 ipso
555 2355 628 2399 die
647 2358 699 2398 Β.
722 2355 913 2409 Nicolai,
935 2357 1175 2411 puerulum
1195 2357 1433 2411 quemdam
1451 2356 1537 2400 iam
1555 2356 1643 2399 iam
1666 2364 1820 2399 natum
1844 2358 1899 2399 ad

264 2442 440 2477 nostras
457 2432 753 2477 confessionis
771 2433 902 2476 sedes
921 2440 1245 2488 supponerent,
1266 2434 1388 2476 haud
1405 2433 1541 2476 dubie
1559 2441 1609 2476 ut
1626 2435 1710 2477 hac
1726 2433 1900 2477 ratione

262 2511 457 2566 aliquem
481 2525 536 2553 ex
558 2510 724 2553 nostris
746 2510 881 2552 huius
903 2509 1031 2566 pueri
1055 2510 1307 2565 genitorem
1331 2524 1430 2554 esse
1453 2512 1656 2554 crederet
1684 2510 1899 2554 mutabile

265 2589 449 2643 uulgus.
483 2588 574 2632 Sed
606 2587 734 2630 nobis
760 2588 887 2631 adest
916 2586 1070 2629 diuina
1099 2586 1261 2643 gratia,
1295 2602 1411 2642 quae
1433 2602 1514 2643 pro
1536 2588 1667 2630 nobis
1697 2602 1901 2643 pugnare

265 2679 357 2707 non
380 2671 541 2717 cessat,
568 2666 813 2719 hostesque
836 2670 1013 2706 nostros
1051 2663 1250 2707 uincere.
1292 2665 1349 2706 Et
1386 2664 1569 2719 quidem
1606 2663 1900 2720 diligentibus

268 2743 416 2785 Deum
440 2741 591 2784 omnia
612 2748 913 2797 cooperantur
930 2740 976 2784 in
998 2741 1184 2783 bonum.

362 2831 401 2860 2.
468 2818 632 2862 Rabies
654 2817 790 2861 huius
818 2818 956 2874 pestis
974 2817 1152 2861 uidetur
1175 2819 1307 2861 modo
1331 2825 1514 2874 propter
1543 2817 1680 2860 nimia
1711 2816 1896 2873 frigora,

341 2983 352 3002 ²
404 2983 441 3017 M
445 2995 461 3017 s
472 3010 479 3017 .
492 3010 500 3027 ,
520 2985 749 3020 tactitantes
758 3012 767 3021 .
