1958 3210
799 173 905 217 1555·
1612 175 1656 210 31

34 275 112 319 stri
135 276 143 296 ¹
163 274 320 316 itinere
339 272 683 315 Barchinonam.
705 275 755 316 In
773 274 966 329 hospitio
983 289 1208 318 summum
1232 276 1480 332 periculum
1499 292 1523 319 a
1542 276 1659 332 pira-

35 352 90 394 tis
113 365 213 394 cum
238 350 442 392 Tablare.
470 350 577 392 Inde
600 350 848 405 periculum
873 351 1053 405 quidem
1083 353 1247 405 minus,
1274 368 1477 396 summus
1507 362 1658 397 tamen

36 436 182 472 metus
210 427 255 468 in
287 433 439 469 monte
467 427 674 478 Garrafo,
709 434 755 470 et
782 429 1042 482 praesertim
1073 430 1291 482 Tablaris,
1324 430 1417 485 qui,
1449 438 1535 474 etc.
1570 430 1658 474 Vix

38 503 301 560 tempestiue
319 502 422 544 veni
440 510 488 545 vt
510 518 688 558 possem
711 506 1014 547 conscendere
1039 505 1255 548 triremes:
1283 506 1328 548 in
1347 507 1443 562 ipso
1467 522 1657 551 ascensu

37 595 263 638 praeceps,
290 579 538 634 periculum
563 596 619 623 ne
642 580 687 622 in
710 596 830 623 mare
854 582 1075 625 caderem.
1105 582 1336 626 Soluimus
1359 599 1413 626 ex
1437 584 1659 639 Hispania

32 659 80 701 in
96 657 168 700 die
185 658 231 700 S.
255 656 501 700 Michaelis.
525 659 634 699 Post
652 657 911 710 Massiliam,
932 673 1041 700 seua
1058 666 1155 700 orta
1174 666 1456 715 tempestate,
1472 660 1658 716 dissipa-

37 734 101 776 uit
122 734 209 795 40
232 733 449 786 triremes,
475 741 562 776 etc.
590 733 864 785 Periculum,
893 736 1013 788 quod
1042 734 1087 776 in
1117 750 1220 777 eum
1249 736 1397 778 locum
1430 737 1658 780 tenuimus

35 810 224 866 primurn
247 817 441 865 portum,
467 811 587 853 vnde
608 810 750 865 pridie
767 811 1035 854 discesserat
1052 811 1207 854 classis
1225 814 1462 868 gallorum.
1487 815 1659 856 Horror

32 895 80 931 et
101 894 246 929 metus
268 894 317 928 vt
339 887 500 930 vellem
523 886 704 929 omnino
727 888 1018 931 descendere.
1041 888 1260 931 Venimus
1284 890 1467 932 Ienuam
1494 890 1507 909 ‘²
1533 890 1659 933 inco—

36 966 177 1006 lumes
193 978 364 1006 omnes,
388 965 487 1019 Ego
512 970 661 1005 tamen
679 965 922 1006 admodum
942 964 1135 1007 afflictus
1153 980 1208 1008 ex
1226 965 1531 1022 nauigatione.
1551 967 1660 1011 Inde

38 1042 222 1083 Romam
246 1054 348 1081 cum
371 1038 543 1093 aliquot
561 1040 800 1082 coronatis:
822 1040 1017 1095 reliquos
1035 1041 1237 1084 misimus
1255 1057 1334 1098 per
1350 1042 1522 1085 litteras
1540 1058 1660 1087 mer—

34 1124 252 1159 catorum.
281 1115 414 1159 Volui
444 1116 665 1171 proficisci
688 1117 942 1160 deuotionis
971 1133 1081 1173 ergo
1110 1120 1378 1172 Lauretum3
1411 1121 1490 1162 sed
1519 1135 1659 1176 quum

36 1200 217 1249 vrgeret
241 1195 291 1236 P.
319 1193 523 1249 Ignatius
545 1200 594 1235 vt
611 1193 826 1236 continuo
844 1202 888 1237 et
906 1202 1028 1237 recta
1046 1197 1232 1238 Romam
1250 1196 1465 1249 venirem,
1488 1212 1577 1240 non
1597 1198 1661 1240 fui

34 1285 187 1313 ausus.
219 1270 225 1327 Ι
254 1270 341 1313 Hic.
357 1270 449 1312 vidi
468 1273 518 1313 P.
542 1272 735 1326 Laynes,
757 1271 833 1326 qui
851 1272 1203 1315 concionabatur
1225 1288 1390 1329 magna
1413 1289 1514 1316 cum
1539 1275 1659 1319 Cele-
1714 1315 1717 1317 .

35 1347 195 1390 britate
217 1354 262 1389 et
285 1348 450 1390 fructu.
478 1347 542 1389 Ibi
567 1347 672 1390 fecit
695 1350 982 1404 Xpophorus.
1011 1351 1235 1405 Mendoca
1257 1358 1359 1392 vota
1384 1364 1427 1404 43
1451 1351 1570 1404 fecit,
1590 1352 1661 1394 in-

33 1424 148 1479 quit,
174 1437 202 1478 4
223 1431 328 1467 vota
350 1423 463 1482 [sic].

123 1545 190 1587 41
476 1546 648 1588 ROMAE
683 1559 743 1588 EX
782 1547 1037 1600 HISPANIA,
1065 1562 1211 1590 PRIMO

125 1656 240 1700 Veni
270 1658 511 1699 admodum
539 1665 698 1713 gratus
729 1660 780 1700 P.
816 1659 1006 1714 Ignatio.
1046 1659 1310 1715 Syndicatio
1338 1676 1393 1704 ex
1423 1661 1658 1718 Hispania:

44 1738 182 1778 «seria
204 1734 353 1777 bueno
375 1749 482 1790 para
504 1735 694 1787 me'dico,
721 1735 893 1788 bonito,
920 1736 1124 1792 gratioso
1148 1753 1177 1793 y
1199 1737 1303 1781 bien
1326 1740 1535 1791 hablado;
1568 1755 1664 1782 mas

39 1813 79 1854 le
102 1815 376 1867 querriamos
414 1819 513 1854 otra
549 1827 676 1854 vez.»
718 1813 947 1855 Tablares:
994 1815 1100 1857 «Sat
1136 1814 1341 1859 celeriter
1379 1815 1664 1872 nauigabunt

40 1887 240 1932 triremes
257 1888 294 1930 si
312 1888 501 1944 nauigat
518 1888 564 1930 in
581 1889 667 1931 illis
684 1889 899 1932 Natalis.»
923 1891 1182 1934 Lodouicus
1197 1893 1423 1946 Goncales
1441 1892 1658 1936 minister.

38 1964 255 2019 Loquitur
281 1967 332 2008 P.
360 1966 457 2021 Ign.
486 1965 532 2007 in
555 1965 698 2021 primo
723 1973 829 2009 tono
853 1968 884 2009 ³.

797 2100 909 2133 1555

124 2197 278 2239 Voluit
312 2199 363 2239 P.
398 2197 600 2253 Ignatius
639 2213 709 2241 me
739 2199 908 2254 eligere
935 2199 1169 2254 vicarium,
1202 2200 1279 2255 qui
1307 2201 1431 2244 illum
1462 2201 1664 2245 iuuarem

40 2274 84 2315 in
106 2274 450 2330 gubernatione,
476 2281 659 2330 propter
686 2275 692 2332 Ι
720 2275 941 2318 infirmam
965 2277 1286 2321 valetudinem.
1310 2278 1474 2322 Nescio
1497 2293 1584 2334 ego
1607 2294 1664 2321 an

42 2364 166 2393 suam
186 2352 466 2395 voluntatem
489 2351 790 2407 significasset
812 2353 1119 2397 conuenturis.
1148 2355 1249 2397 Hoc
1277 2354 1387 2407 scio,
1414 2355 1535 2410 quod
1557 2369 1667 2398 con—

41 2505 76 2539 el
94 2506 249 2551 agravio
268 2507 355 2540 Don
371 2506 461 2541 Luis
480 2507 528 2542 de
546 2507 789 2554 Requesens,
809 2520 884 2554 que
903 2514 1038 2543 estava
1057 2521 1105 2544 en
1131 2521 1177 2544 su
1201 2521 1303 2545 casa:
1332 2511 1447 2546 llamo
1474 2513 1495 2546 a
1513 2522 1579 2546 sus
1598 2510 1669 2545 Pa-

37 2563 182 2600 tientes
200 2577 225 2611 y
245 2566 422 2611 Amigos,
441 2578 516 2612 que
535 2578 608 2601 con
625 2567 771 2612 grande
791 2568 944 2614 sequito
963 2568 1251 2604 determinaron
1267 2575 1397 2605 entrar
1411 2581 1460 2605 en
1479 2571 1535 2606 las
1554 2570 1670 2606 Gale-

37 2634 98 2658 ras
115 2623 162 2658 de
181 2624 385 2660 Mendoza.
410 2625 562 2660 Viendo
581 2627 616 2661 el
635 2626 827 2661 disturbio
847 2629 881 2662 el
901 2628 1055 2674 Virrey,
1071 2628 1211 2663 mando
1225 2629 1389 2664 detener
1403 2641 1451 2665 en
1467 2642 1512 2665 su
1527 2630 1670 2666 Galera

34 2692 58 2715 a
71 2682 271 2728 Mendoza,
292 2685 326 2719 al
346 2684 631 2731 Comendador,
650 2687 685 2720 al
705 2685 840 2721 Conde
858 2686 906 2721 de
929 2687 1100 2733 Aytona,
1125 2700 1151 2734 y
1175 2699 1197 2722 a
1218 2700 1263 2723 su
1289 2700 1431 2734 suegro
1450 2690 1499 2724 D.
1521 2689 1668 2735 Miguel

36 2741 166 2777 Gralla
185 2754 233 2778 en
251 2755 316 2778 sus
335 2755 458 2778 casas:
480 2744 642 2780 Reeibio
660 2744 914 2781 informacion
936 2746 999 2781 del
1026 2758 1201 2793 sucesso,
1220 2760 1246 2794 y
1265 2748 1458 2783 remitiola
1477 2749 1512 2783 al
1532 2749 1669 2795 Cesar,

37 2812 64 2845 y
82 2802 116 2836 al
135 2802 352 2849 Principe.»
372 2804 500 2839 FELIU
518 2813 573 2839 DE
588 2814 640 2839 LA
659 2805 794 2840 PENA.
819 2806 968 2841 Anales
982 2807 1028 2841 de
1050 2805 1270 2849 Catalzm'ia,
1290 2808 1362 2853 ΙΙΙ,
1386 2807 1464 2854 Ι93.

116 2862 124 2881 ¹
176 2861 272 2904 Ms.,
293 2863 468 2897 terresti.

114 2921 128 2941 2
179 2919 258 2966 Sic,
277 2932 345 2967 pro
367 2921 565 2965 Genuam,
584 2923 647 2959 hie
662 2929 702 2959 et
720 2924 826 2959 alibi.

117 2980 130 2998 ⁵
181 2979 279 3014 Vide
295 2982 408 3026 paulo
426 2981 603 3028 inferius,
623 2989 662 3018 et
680 2988 812 3018 annot.
829 2992 887 3028 77.
