1958 3210
445 136 579 172 INDEX
606 147 748 174 RERUM
776 146 1058 175 PERSONARUM
1084 148 1137 174 ET
1163 149 1364 178 LOCORUM
1648 154 1719 191 705

85 234 453 281 —Christophorus,
490 236 530 271 S.
567 238 626 283 J.,
661 237 744 282 338,
780 237 864 284 354,

134 292 216 338 364,
236 293 319 339 392,
339 294 421 339 398,
441 294 524 340 399,
544 295 629 341 403,
648 295 730 340 423-

86 351 242 398 Hessel,
262 354 445 399 Joannes,
461 354 595 389 doctor
613 354 863 399 lovaniensis,

133 411 215 445 262.

86 469 247 516 Hezius,
283 471 324 505 Ρ.
363 472 577 517 Arnoldus,
609 472 654 507 S.
690 474 744 519 J.,
776 485 864 508 exa-

135 541 237 573 men,
258 539 339 574 542.

86 587 340 635 Hieronymo,
360 601 490 625 comes
509 590 571 635 de,
588 590 860 635 Salmanticae‚

131 648 193 693 89.

81 707 359 754 Hieronymus,
375 709 554 754 Sanctus,
571 710 792 755 collegium,
813 722 854 746 V.

127 767 301 812 Dilinga.

76 825 250 871 Hispalis
269 825 459 871 (Sevilla),
490 827 645 872 collegii
676 827 800 871 initia,
819 838 855 872 9,

127 892 184 927 25,
205 884 518 930 archiepiscopus
537 885 575 919 in
594 886 775 931 Borgiam
802 886 856 920 in-

127 942 294 986 vehitur,
314 952 372 987 79,
395 956 434 977 v.
458 943 520 978 83.

79 1001 279 1046 Hispania,
304 1002 585 1047 provinciarum
606 1002 644 1037 S.
672 1004 708 1048 J.
736 1004 857 1049 prima

125 1060 280 1105 divisio,
305 1061 345 1104 3,
373 1062 592 1107 persecutio
617 1062 764 1107 Silicei,
791 1075 857 1098 no-

125 1120 223 1155 biles
238 1121 366 1166 plures
386 1121 423 1156 in
456 1122 691 1156 Societatem
714 1123 853 1164 vocati,

123 1188 157 1224 5,
196 1180 402 1215 Societatis
434 1180 734 1215 constitutiones
770 1193 855 1227 pro-

123 1241 357 1285 mulgantur,
376 1248 412 1285 7,
434 1240 467 1274 8:
493 1252 532 1274 v.
561 1241 723 1284 Natalis3
744 1242 852 1287 plura

117 1299 283 1344 collegia
298 1299 701 1344 fundantur,secunda
711 1300 852 1335 divisio

121 1358 159 1392 in
177 1364 339 1405 quatuor
358 1358 592 1404 provincias,
612 1358 647 1403 8,
667 1369 702 1403 9,
723 1360 851 1394 nullus

118 1418 233 1453 Pater
252 1419 297 1452 ad
321 1418 481 1464 primam
506 1418 850 1463 congregationem

115 1479 341 1521 generalem
362 1477 482 1520 venit,
507 1486 563 1523 ΙΙ,
586 1486 641 1521 12,
662 1489 709 1511 an
728 1477 849 1523 prima

114 1537 366 1581 congregatio
388 1536 424 1571 in
457 1536 645 1582 Hispania
671 1536 849 1570 habenda

115 1593 181 1640 sit,
201 1594 452 1635 deliberatur,
472 1593 590 1638 Ι3-Ι5,
608 1593 705 1628 Cani
721 1605 848 1639 perse-

114 1654 235 1698 cutio,
252 1664 309 1699 24,
326 1663 446 1699 44-47,
458 1665 525 1688 rex
542 1659 579 1688 et
595 1653 783 1696 Societas,
801 1666 840 1688 v.

115 1714 330 1759 Philippus,
356 1713 483 1758 Borja,
515 1713 678 1757 Natalis3
707 1713 847 1748 divisio

115 1773 326 1819 Hispaniae
358 1773 396 1807 in
430 1778 595 1818 quatuor
629 1773 846 1819 provincias

115 1831 219 1866 utilis
253 1837 449 1876 censetur,
488 1840 572 1875 174,
605 1831 846 1867 desideratur

115 1890 278 1936 Natalis,
298 1890 381 1925 330.

65 1949 189 1994 Hoch,
210 1950 257 1984 P.
288 1949 494 1994 Henricus,
515 1949 559 1983 S.
585 1951 644 1995 J.,
666 1961 843 1995 examen,

63 2017 262 2113 Hongeus,
283 2069 328 2102 P.
367 2069 525 2114 Paulus,
558 2068 598 2103 S.
632 2069 684 2114 J.,
716 2074 843 2103 rector

109 2132 361 2166 Vindobonae
376 2160 384 2171 ,
428 2132 513 2174 161,
550 2140 635 2176 194,
666 2132 749 2175 264,
782 2132 842 2166 In-

107 2190 304 2236 golstadii,
336 2191 417 2235 506,
451 2187 655 2236 professio,
683 2198 763 2235 591:
794 2203 835 2224 v.

114 2259 194 2295 124,
214 2259 296 2294 220,
317 2250 482 2294 287-289,
503 2249 587 2295 340,
606 2249 693 2294 403.

64 2309 244 2343 Hollerus
263 2310 441 2353 (Holler),
462 2309 505 2342 P.
520 2307 706 2353 Adamus,
725 2308 765 2342 S.
787 2309 838 2353 J.,

111 2379 288 2412 examen,
309 2376 390 2413 529:
408 2381 448 2402 v.
474 2368 560 2412 445.

61 2426 221 2471 Hosius,
239 2426 466 2471 Stanislaus,
478 2426 682 2461 cardinalis
693 2425 840 2472 episco-

108 2498 180 2532 pus
214 2485 457 2530 varmiensis,
489 2485 635 2520 amicus
670 2485 824 2520 Societa

107 2544 171 2586 tis,
191 2553 246 2590 IX,
266 2543 346 2587 266;
375 2545 526 2589 legatus
551 2543 589 2578 in
615 2543 836 2584 Germania,

104 2612 187 2649 599,
206 2603 289 2647 6003
306 2607 380 2637 —et
405 2603 579 2637 Societas
599 2602 637 2637 in
664 2602 836 2647 Polonia,

103 2663 272 2708 669-674:
295 2674 335 2696 v.
356 2661 438 2706 243,
459 2661 540 2705 335,
555 2660 637 2705 396,
655 2670 736 2705 524,
754 2671 835 2707 525,

103 2721 185 2766 602,
205 2721 288 2765 645,
313 2720 395 2764 656,
418 2720 589 2765 660-665,
609 2720 782 2764 667-674.

55 2778 218 2814 Hostius
237 2778 448 2823 (Lhostius,
469 2778 628 2819 Lhoost‚
648 2778 832 2821 l’Hoste),

102 2837 149 2872 P.
175 2838 359 2883 Jacobus,
380 2837 419 2871 S.
437 2837 490 2882 J.,
507 2836 545 2871 in
561 2836 731 2871 Siciliam
747 2836 836 2871 mis-

105 2907 184 2939 sus,
206 2905 244 2930 2.

57 2954 313 2999 Hostovinus,
331 2954 371 2988 P.
392 2954 607 2998 Balthasar,
622 2953 662 2988 S.
680 2954 733 2998 J.,
750 2962 831 2997 249,

986 238 1069 284 396,
1088 250 1172 284 400,
1204 241 1290 287 408,
1319 251 1403 287 445,
1435 246 1607 292 524520,
1629 247 1714 293 654,

986 303 1069 345 655,
1088 299 1172 345 670,
1191 301 1256 344 671
1270 328 1279 336 .

937 357 1063 403 Hoya,
1084 359 1253 404 Joannes
1278 360 1341 406 de,
1373 362 1578 409 episcopus
1609 376 1718 400 osna-

960 413 1189 463 ¹burgensis
1220 425 1259 454 et
1294 421 1484 467 Societas,
1517 431 1604 468 104,
1636 433 1715 471 105,

986 483 1068 521 110,
1092 485 1175 511 111.

936 535 1215 572 Humaniorum
1247 538 1463 574 litterarum
1495 540 1716 576 desideran-

982 600 1044 630 tur
1064 596 1237 642 magistri
1263 597 1301 632 in
1328 598 1550 644 Germania,
1570 610 1650 645 279:
1673 614 1709 636 v.

984 653 1210 689 Germania.

935 712 1052 747 Hund
1071 712 1124 756 (in
1155 720 1265 749 textu
1295 715 1540 761 Hundanus),
1577 717 1709 763 Wigu-

982 772 1065 806 leus
1083 771 1142 816 (?),
1158 772 1202 818 34

933 831 1108 866 Hurtado
1142 831 1190 866 de
1231 832 1438 874 Mendoza,
1474 833 1709 881 Ludovicus,

980 890 1147 924 marchio
1165 890 1213 924 de
1233 891 1443 936 Mondejar,
1464 900 1546 937 109.

930 948 1109 993 Husitae,
1128 949 1329 995 haeretici,
1347 958 1516 995 499-501.

928 1124 1100 1170 Ignatius
1120 1125 1168 1159 de
1187 1126 1344 1171 Loyola‚
1377 1127 1582 1163 Societatis
1611 1130 1706 1174 Jesu

973 1183 1185 1229 institutor,
1213 1186 1511 1221 constitutiones
1537 1188 1707 1222 scribere

973 1242 1212 1288 aggreditur,
1245 1244 1506 1290 inquisitionis
1539 1246 1706 1281 tribunal

973 1301 1011 1336 in
1046 1301 1243 1336 Lusitania
1285 1304 1470 1338 constitui
1505 1311 1633 1350 curat,
1668 1314 1703 1343 2.

972 1360 1145 1405 publicas
1161 1360 1343 1406 quasdam
1354 1362 1613 1407 poenitentias
1621 1375 1704 1409 pro-

970 1420 1093 1463 hibet,
1110 1424 1242 1453 votum
1258 1420 1518 1465 professorum
1535 1433 1602 1467 pro
1615 1433 1704 1457 con-

971 1478 1252 1522 stitutionibus,
1273 1480 1544 1515 exercitiorum
1569 1493 1703 1528 appro-

970 1538 1074 1572 batio
1108 1537 1369 1583 pontificia,3;
1401 1540 1701 1575 constitutiones

967 1595 1151 1642 professis
1189 1597 1464 1631 examinandas
1507 1598 1699 1643 proponit,

967 1655 1071 1690 cedit
1102 1655 1242 1700 officio,
1278 1662 1459 1691 recusant
1494 1663 1636 1702 patres,
1663 1668 1697 1702 4,

967 1714 1174 1749 Societatis
1212 1714 1469 1760 incrementa,
1508 1725 1547 1759 5,
1587 1717 1700 1761 jubet

966 1774 1143 1808 Natalem
1163 1773 1440 1819 professionem
1461 1786 1695 1821 nuncupare,

965 1834 1000 1877 6,
1020 1832 1231 1867 Xaverium
1252 1838 1389 1866 evocat
1416 1839 1457 1867 ut
1488 1833 1697 1870 Societatis

963 1892 1139 1938 regimen
1169 1891 1223 1926 illi
1253 1891 1484 1938 committat,
1517 1893 1696 1937 Borgiam

965 1963 1131 1998 purpura
1161 1950 1339 1995 insigniri
1370 1951 1546 1996 impedit,
1581 1952 1695 1985 Nata-

964 2012 1040 2051 lem
1066 2010 1371 2044 commissarium
1406 2016 1525 2054 creat,
1560 2010 1597 2044 in
1630 2009 1696 2043 Hi-

963 2070 1136 2116 spaniam
1156 2070 1288 2114 mittit,
1303 2078 1338 2113 7,
1355 2081 1403 2104 ne
1419 2069 1598 2104 Canisius
1617 2068 1697 2114 epi-

964 2140 1103 2174 scopus
1119 2127 1352 2173 nominetur,
1363 2127 1694 2172 obstat,Natalem

962 2187 1147 2222 vicarium
1198 2187 1422 2231 generalem
1482 2185 1692 2228 renuntiat,

962 2258 1048 2281 eum
1068 2257 1154 2280 curn
1175 2246 1332 2279 Morono
1348 2246 1477 2289 legato
1503 2244 1549 2278 ad
1572 2244 1693 2290 impe-

960 2305 1067 2340 rialia
1081 2304 1234 2338 comitia
1260 2304 1392 2348 mittit,
1412 2315 1447 2348 9,
1468 2303 1525 2348 34,
1548 2303 1691 2348 obitus,

959 2364 1018 2409 48,
1039 2368 1189 2406 503—et
1204 2363 1346 2396 Paulus
1366 2362 1432 2402 IV,
1454 2370 1507 2405 14,
1528 2371 1582 2405 15,
1600 2363 1691 2396 Bor-

958 2424 1062 2468 giam
1097 2422 1258 2456 Romam
1293 2426 1444 2465 evocat,
1475 2422 1605 2466 plures
1623 2432 1691 2466 per

959 2481 1145 2517 exercitia
1164 2480 1376 2526 spiritualia
1395 2480 1433 2514 in
1453 2479 1689 2515 Societatem

959 2545 1160 2585 vocantur,
1180 2547 1234 2582 173
1256 2539 1374 2572 mittit
1406 2538 1582 2572 Natalem
1601 2549 1689 2572 cum

956 2597 1300 2633 constitutionibus
1319 2596 1357 2630 in
1372 2595 1611 2637 Lusitanian,
1631 2595 1686 2639 18,

955 2656 1174 2703 persecutio
1189 2656 1227 2690 in
1242 2655 1381 2689 librum
1397 2653 1686 2698 exercitiorum,

956 2726 1015 2762 21,
1035 2715 1093 2761 23,
1115 2725 1171 2759 24,
1189 2727 1288 2750 nova
1303 2715 1421 2749 editio
1440 2714 1527 2749 libri
1543 2713 1688 2749 exerci-

956 2776 1110 2818 tiorum,
1143 2773 1224 2817 238,
1260 2782 1342 2818 292,
1373 2772 1457 2817 304,
1493 2772 1576 2817 319,
1602 2782 1684 2817 404,

955 2844 1038 2879 420,
1053 2833 1137 2878 641,
1158 2833 1240 2877 642,
1261 2832 1410 2867 fructus
1429 2843 1477 2866 ex
1501 2843 1609 2866 sacro
1628 2842 1687 2866 se—

954 2905 1068 2928 cessu
1088 2892 1126 2926 in
1146 2891 1357 2935 exercitiis,
1378 2889 1466 2934 613,
1495 2890 1687 2924 matrimo-

955 2952 1019 2986 nio
1039 2950 1201 2997 Joannis
1232 2950 1280 2985 de
1315 2949 1428 2995 Borja
1457 2961 1544 2984 cum
1569 2954 1688 2995 nepte
