1958 3210
733 151 951 187 Appmmx
1162 172 1182 183 .
1583 159 1651 196 577

31 267 114 298 nus
135 266 235 296 sum
259 250 456 303 natione,
482 251 626 308 patria
648 252 970 296 coloniensis...
999 264 1039 306 7.
1068 251 1153 309 Egi
1171 260 1462 296 mercatorem
1482 252 1651 308 aliquot

32 312 173 364 annis;
200 312 279 355 sed
301 325 404 353 cum
426 311 665 355 diuersitas
688 312 790 355 fidei
820 312 927 354 mihi
957 327 1091 368 saepe
1120 312 1330 356 interiora
1367 326 1467 355 mea
1498 327 1648 356 moue-

34 379 115 425 ret,
141 370 322 426 Tarpati
347 371 476 426 (quae
498 377 566 413 est
588 379 812 426 postrema
834 371 993 414 ciuitas
1016 371 1246 425 Liuoniae,
1268 386 1356 426 quo
1373 379 1650 416 mercaturae

34 430 177 488 gratia
199 444 320 474 eram
343 430 584 485 profectus)
609 444 788 485 operam
812 430 938 486 coepi
960 432 1066 474 dare
1084 431 1222 473 literis
1239 431 1325 473 iam
1343 432 1646 486 grandaeuus,

33 490 136 534 licet
161 489 310 545 aliquo
327 489 460 531 modo
482 489 619 532 latine
642 490 832 543 loquens
855 504 909 532 ex
932 491 1276 542 consuetudine,
1303 490 1406 544 quia
1424 506 1534 546 puer
1552 498 1648 533 stu—

34 550 216 592 dueram
252 548 633 603 aliquantulum...
682 561 746 591 12.
791 551 907 591 Puto
945 564 1014 591 me
1048 549 1261 592 terminos
1288 550 1512 592 vndecimi
1545 551 1649 592 anni

33 607 249 664 attigisse,
276 623 331 651 ex
353 622 442 663 quo
464 608 521 649 ad
543 607 813 651 Societatem
837 608 1133 663 peruenerim.
1162 610 1216 650 Et
1240 608 1344 652 licet
1367 609 1546 663 quidem
1576 625 1648 653 me

32 668 169 712 Rdus.
212 669 264 710 P.
307 667 569 711 Leonardus
606 668 792 709 Romam
831 667 1017 719 miserit,
1050 674 1198 711 tamen
1226 668 1425 710 nondum
1457 670 1647 712 feceram

30 734 199 780 votum,
225 740 372 782 neque
394 741 514 769 eram
538 727 743 769 absolute
766 726 862 769 eius
885 727 1148 779 sententiae,
1174 734 1224 768 ut
1246 727 1519 782 ingrederer.
1554 729 1644 771 Sed

28 785 305 829 humanitate
328 785 427 828 Rdi.
455 787 507 828 P.
529 785 703 842 Jacobi,
731 800 849 827 nunc
874 786 1112 840 praepositi
1136 786 1292 839 nostri,
1318 786 1482 838 victus,
1515 787 1647 842 polli—

29 846 143 889 citus
165 860 263 888 sum
286 845 348 887 illi
371 844 639 897 Florentiae,
666 845 743 886 ubi
773 855 820 898 15
846 845 940 887 dies
963 854 1266 887 commoratus
1288 860 1404 897 sum,
1430 862 1501 889 me
1530 847 1645 889 velle

30 907 196 949 Romae
217 905 490 949 Societatem
512 903 705 959 ingredi,
732 904 775 945 id
799 906 919 958 quod
942 905 1109 946 factum
1133 912 1213 947 est.
1248 905 1331 947 Fui
1359 912 1507 948 autem
1539 912 1646 948 tunc

30 963 240 1019 temporis
262 963 396 1007 etiam
413 963 710 1015 examinatus,
732 970 775 1007 et
794 962 934 1006 mansi
950 978 1029 1018 per
1047 964 1242 1006 medium
1262 978 1429 1006 annum
1446 964 1489 1005 in
1510 965 1645 1007 domo

30 1023 283 1075 Societatis,
310 1030 546 1079 propterea
568 1023 688 1077 quod
717 1037 837 1066 eram
868 1023 1068 1078 proximo
1101 1023 1354 1078 Septembri
1382 1023 1427 1066 in
1456 1025 1647 1078 Germa-

31 1083 148 1127 niam
186 1082 485 1126 mittendus...
535 1095 600 1135 14.
647 1083 759 1126 Sum
797 1083 1018 1125 sacerdos.
1068 1092 1131 1136 15.
1174 1084 1314 1125 Roma
1346 1082 1508 1125 missus
1543 1098 1643 1125 sum

31 1142 269 1194 Viennam,
296 1142 372 1184 ubi
396 1141 523 1196 quasi
546 1156 624 1197 per
646 1141 886 1184 triennium
910 1142 999 1196 egi:
1032 1142 1207 1185 Vienna
1236 1141 1469 1184 Coloniam
1498 1143 1645 1197 profe-

30 1209 129 1246 ctus
151 1217 265 1245 sum:
293 1201 480 1245 Colonia
502 1200 665 1244 iterum
689 1202 896 1253 Romam,
923 1201 999 1242 ubi
1022 1200 1107 1243 iam
1132 1202 1222 1244 fere
1252 1216 1330 1256 per
1359 1215 1524 1244 annum
1552 1202 1642 1257 egi.

28 1262 135 1305 Inde
157 1268 338 1317 propter
359 1259 661 1304 valetudinem
685 1259 847 1302 missus
875 1275 973 1302 sum
1007 1260 1364 1316 Oenipontum...
1403 1272 1467 1313 17.
1500 1261 1645 1303 Docui

29 1322 118 1365 fere
155 1335 331 1376 semper
369 1319 599 1372 Coloniae,
646 1326 695 1362 et*
732 1319 870 1362 habui
913 1321 1151 1375 quamdam
1195 1320 1449 1375 generalem
1492 1334 1644 1363 curam

28 1380 191 1437 agendi
222 1394 325 1423 cum
355 1379 532 1422 ciuibus
560 1386 605 1422 et
632 1379 888 1422 hominibus
917 1379 1129 1430 externis,
1170 1386 1215 1421 et
1252 1379 1289 1422 si
1327 1379 1432 1433 quid
1465 1379 1643 1423 maioris

25 1440 238 1484 momenti
259 1454 339 1495 pro
368 1438 559 1495 collegio
587 1446 682 1481 erat
720 1439 1067 1495 procurandum,
1109 1438 1241 1480 etiam
1276 1438 1431 1481 haberi
1468 1438 1639 1481 curaui.

25 1499 150 1544 Sicut
173 1499 306 1543 etiam
331 1500 499 1542 Rornae
521 1497 700 1555 collegii
723 1498 863 1541 nostri
887 1512 1113 1553 praeeram
1137 1497 1329 1540 comitiis
1356 1497 1575 1541 habendis
1598 1497 1643 1540 in

27 1558 315 1602 vniuersitate
336 1558 382 1600 in
405 1557 631 1600 creatione
653 1557 986 1614 magistrorum,
1007 1557 1263 1600 licentiatus
1281 1564 1325 1600 et
1341 1558 1496 1599 doctor
1513 1555 1574 1615 [?].
1592 1559 1641 1599 In

24 1618 256 1662 viennensi
278 1617 470 1673 collegio
491 1617 614 1660 varia
636 1617 773 1660 habui
797 1617 959 1669 officia3
986 1616 1096 1658 nihil
1118 1616 1235 1659 enim
1258 1616 1399 1659 defuit
1427 1615 1494 1670 ibi
1518 1617 1642 1659 labo-

24 1678 98 1731 ris,
123 1692 226 1721 cum
249 1677 381 1733 pauci
403 1691 658 1721 essemus...
686 1690 757 1720 21.
784 1678 952 1719 Romae
975 1676 1170 1730 quidem,
1198 1675 1274 1717 ubi
1296 1675 1429 1718 etiarn
1452 1690 1642 1731 genera-

25 1738 109 1781 lem
133 1737 218 1781 feci
240 1736 571 1781 confessionem
601 1737 715 1780 Rdo.
749 1736 872 1779 Patri
900 1735 1118 1779 Madridio
1142 1734 1278 1777 totius
1302 1735 1528 1790 temporis,
1555 1750 1643 1790 quo

25 1797 87 1839 fui
123 1797 169 1839 in
207 1796 449 1848 Societate,
490 1797 569 1839 sed
606 1795 821 1839 Coloniae
856 1795 966 1837 nihil
1002 1797 1161 1837 horum
1193 1809 1292 1837 meo
1326 1800 1525 1850 tempore
1559 1794 1643 1836 fuit

25 1857 365 1900 observatum...
408 1854 544 1914 [Sclnj
588 1868 623 1898 1.
665 1856 709 1899 A
746 1869 886 1911 puero
919 1869 1061 1909 usque
1098 1854 1154 1896 ad
1182 1853 1404 1896 decimum
1435 1853 1640 1908 quintum

24 1930 189 1958 annum
212 1915 371 1959 studiis
393 1914 734 1958 humanioribus
757 1929 939 1970 operam
961 1913 1079 1958 dedi.
1108 1916 1272 1957 Postea
1296 1914 1440 1955 factus
1468 1927 1640 1956 merca-

25 1981 91 2018 tor
127 1990 204 2031 per
243 1982 435 2030 quatuor
464 1974 591 2030 quasi
624 1989 781 2027 annos,
818 1973 971 2017 relicta
1002 1980 1268 2024 mercatura,
1305 1973 1481 2014 duobus
1513 1972 1640 2015 annis

23 2033 184 2078 iterum
204 2034 357 2078 studui
375 2041 616 2101 antequam
639 2034 909 2078 Societatem
926 2033 1202 2089 ingrederer
1226 2031 1512 2074 Potissimum
1531 2046 1638 2087 ope-

24 2109 115 2151 ram
137 2093 396 2150 consumpsi
419 2094 464 2136 in
482 2093 731 2137 rhetoricis.
752 2094 947 2136 Cursum
965 2092 1100 2135 etiam
1118 2091 1266 2143 docui,
1287 2092 1367 2135 sed
1384 2106 1476 2133 non
1495 2090 1635 2142 licuit,

24 2160 117 2197 tum
139 2169 217 2210 per
238 2153 559 2205 valetudinem,
585 2160 680 2195 tum
703 2168 781 2209 per
803 2151 1049 2195 domestica
1071 2150 1270 2207 negotia,
1297 2150 1523 2205 expedire.
1551 2152 1639 2193 Ita—

23 2227 124 2269 que,
150 2213 305 2257 relicta
325 2212 518 2255 naturali
542 2212 837 2268 philosophia,
858 2211 1058 2267 quinque
1074 2210 1213 2252 libros
1231 2209 1479 2253 ethicorum
1498 2209 1638 2265 expli—

24 2274 194 2325 cabam,
221 2279 266 2317 et
287 2272 451 2317 deinde
473 2271 694 2327 reliquum
720 2279 896 2327 tempus
918 2271 963 2313 in
992 2270 1211 2313 Cicerone
1240 2268 1429 2311 traduxi.
1467 2271 1638 2323 Quam-

24 2346 155 2399 quam
178 2347 354 2388 semper
376 2333 469 2375 fere
492 2347 624 2374 vnam
647 2331 862 2374 Coloniae
884 2330 1121 2374 lectionem
1149 2329 1359 2371 haberem
1391 2327 1435 2369 in
1466 2329 1639 2371 theolo—

24 2391 152 2448 gicis,
178 2394 347 2435 Romae
370 2390 503 2435 etiam
529 2391 784 2447 theologiae
806 2389 982 2433 auditor
1012 2388 1109 2431 fui..
1116 2389 1199 2430 ..6
1233 2386 1448 2442 Magister
1477 2387 1637 2429 artium

23 2465 120 2493 sum
143 2451 360 2495 Coloniae
381 2457 645 2507 promotus..
659 2453 898 2494 .——Petrus
920 2450 1091 2504 Haupt,
1117 2446 1400 2490 coloniensis.
1421 2445 1512 2504 [IV,
1535 2458 1635 2500 472,

21 2511 104 2564 482

110 2511 148 2613 i.
214 2572 335 2613 Pewo
357 2571 480 2626 Luys
508 2570 722 2612 Beutlzer.
756 2581 797 2611 2.
828 2570 898 2611 De
928 2580 980 2621 23
1009 2573 1133 2609 anos.
1164 2579 1202 2619 3.
1234 2567 1303 2608 De
1331 2565 1372 2606 la
1400 2563 1561 2606 ciudad
1583 2564 1639 2607 de

21 2628 245 2684 Valencia.
278 2641 344 2683 14.
371 2628 628 2672 Recibiome
652 2629 693 2672 el
716 2630 768 2671 P.
797 2629 857 2670 Μ.
886 2626 1057 2682 Miguel
1078 2624 1309 2668 Gouierno
1333 2639 1387 2667 en
1406 2622 1634 2677 Valencia.

24 2689 88 2731 16.
113 2690 227 2744 Seys
249 2703 393 2731 anos..
406 2701 512 2732 ..22
540 2688 691 2731 Prima
714 2695 913 2730 tonsura.
942 2698 1011 2740 23.
1035 2682 1637 2738 EnValencia,pa1tz111an-

20 2747 166 2791 dando
197 2762 254 2791 en
282 2747 461 2799 oficios,
486 2749 662 2804 partim
695 2746 1001 2800 comencando
1030 2748 1054 2786 a
1082 2742 1280 2786 estudiar
1309 2741 1468 2797 griego
1502 2756 1530 2796 y
1557 2742 1638 2785 he-

21 2806 238 2863 brayco...
264 2809 332 2850 En
356 2808 540 2851 Cuenca
561 2822 590 2862 y
613 2807 770 2850 Alcala
792 2807 847 2848 de
870 2804 1073 2860 passada.
1096 2805 1163 2845 En
1182 2801 1360 2845 Medina
1378 2801 1450 2843 del
1469 2802 1639 2855 Campo

20 2865 90 2921 ley
112 2881 173 2909 un
202 2881 295 2910 mes
323 2868 379 2911 de
410 2866 689 2923 gramatica..
742 2867 809 2908 En
840 2866 1123 2909 Salamanca:
1157 2876 1212 2916 ay
1242 2867 1398 2904 estuve
1420 2860 1633 2902 enfermo

23 2926 90 2968 En
113 2929 369 2983 Monterrey
396 2927 622 2981 enfermo,
647 2941 676 2983 y
708 2925 820 2971 letor
852 2924 909 2968 de
945 2923 987 2965 la
1024 2936 1113 2979 que
1143 2921 1227 2968 alla
1258 2920 1417 2968 llaman
1451 2918 1640 2982 primera
