1958 3210
759 150 980 186 APPENmX
1611 150 1681 186 623

3 304 6 305 ⁷
50 268 141 309 que
159 251 392 296 harmonia
408 251 653 297 decantari.
676 251 799 308 Quin
817 251 951 295 etiam
969 253 1193 309 sepulchri
1213 254 1395 298 Domini
1412 268 1531 297 noua
1544 268 1685 308 quae—

55 314 160 356 dam
189 326 241 355 ac
269 311 487 355 celebrior
517 312 678 363 forma,
712 311 1075 368 splendidiorque
1105 320 1313 366 ornatus,
1346 328 1437 356 non
1466 313 1686 356 modicam

56 386 250 428 magnae
272 371 528 414 deuotionis
551 370 833 413 occasionem
856 372 1021 427 populo
1043 372 1268 428 praebuit.

784 519 891 562 XIV
939 519 968 560 d

534 600 577 635 P.
599 599 837 645 JOANNES
865 520 936 635 DE(
960 600 1210 639 PoLANcO

700 683 748 706 CX
767 682 1040 707 commlsfflone

613 763 661 792 P.
702 763 904 802 JOANNI
945 764 1138 794 DIRSIO

663 837 806 873 rectori
824 837 1084 885 oenipontano

575 914 797 969 Tridenti,
826 930 849 970 3
874 916 980 971 Maji
1010 918 1118 972 1563
1149 918 1175 959 ¹.

404 1004 464 1038 De
490 1004 672 1038 Terentio
686 1007 867 1051 purgato
886 1006 929 1039 in
947 1006 1087 1040 scholis
1104 1005 1338 1041 adhibendo.

230 1081 278 1126 Si
307 1081 515 1125 uideatur
545 1082 762 1123 utendum
793 1096 893 1126 esse
921 1082 1133 1126 Terentio
1161 1083 1422 1133 emendato,
1455 1081 1599 1136 qualis
1636 1082 1693 1123 ad

65 1144 244 1185 Patrem
269 1141 475 1185 Natalem
506 1139 671 1183 missus
705 1147 773 1184 est
803 1141 1024 1197 (quamuis
1053 1142 1176 1197 prius
1204 1141 1514 1184 destinabatur
1542 1141 1597 1183 ad
1621 1156 1692 1184 re-

58 1208 232 1244 ctorem
256 1199 654 1255 monachiensem),
678 1199 801 1243 Patri
823 1207 977 1243 nostro
1000 1215 1091 1242 non
1108 1200 1330 1256 displicet:
1357 1200 1532 1242 interim
1558 1200 1692 1243 etiam

60 1262 169 1303 dum
193 1260 304 1303 liber
326 1259 399 1302 ille
422 1259 676 1312 excuditur,
702 1258 850 1314 aliqua
878 1259 1109 1303 honestior
1139 1260 1342 1302 comedia
1370 1258 1568 1302 Terentii
1591 1274 1693 1314 pre—

60 1319 152 1376 legi
175 1326 326 1375 posset
349 1317 513 1374 pueris,
543 1325 591 1360 ut
614 1319 669 1361 de
692 1318 1178 1362 Autontimorumenos
1201 1319 1335 1362 etiam
1359 1318 1456 1361 sine
1480 1318 1564 1360 alia
1587 1333 1694 1373 pur-

55 1378 260 1435 gatione,
281 1392 366 1420 nec
384 1375 734 1434 permittendum
752 1384 871 1421 esset
889 1385 939 1419 ut
956 1377 1261 1421 dilaberentur
1284 1377 1410 1433 pueri
1434 1378 1490 1419 ab
1508 1377 1689 1429 scholis,

60 1444 241 1494 propter
264 1436 461 1480 auctoris
483 1436 613 1492 alicuj
623 1451 690 1488 us,
717 1436 793 1492 qui
812 1436 1104 1493 praelegitur,
1124 1438 1368 1489 defectum,
1390 1451 1491 1478 cum
1515 1451 1604 1478 non
1623 1450 1697 1478 so-

59 1498 129 1541 lae
150 1497 365 1553 epistolae
382 1497 576 1540 selectae
599 1502 643 1539 et
666 1496 923 1548 Terentius,
950 1497 1029 1539 sed
1053 1503 1097 1540 et
1119 1496 1191 1539 alii
1208 1496 1341 1539 etiam
1362 1503 1569 1539 auctores
1586 1510 1695 1551 pos-

56 1563 161 1600 sent
183 1555 452 1612 explicari...

797 1705 884 1746 XV
919 1705 958 1759 (a

511 1798 568 1833 P.
612 1796 988 1833 HURTADUS
1031 1797 1244 1832 PEREZ

571 1878 698 1909 rector
733 1873 888 1918 collegii
924 1872 1173 1908 tirnaviensis

593 1965 734 1995 PATRI
768 1965 948 2004 JACOBO
982 1965 1157 1995 LAINEZ

518 2040 778 2093 Tirnaviae,
825 2056 852 2098 9
895 2040 1002 2095 Maji
1050 2041 1158 2094 1563
1202 2041 1234 2082 ⁶².
1258 2024 1259 2027 Ἴ

261 2131 321 2165 De
341 2130 579 2165 lustratione
598 2129 758 2176 collegii
776 2130 1038 2164 tirnaviensis
1056 2141 1080 2163 α
1101 2130 1148 2163 Ρ.
1170 2128 1305 2163 Nadal
1319 2130 1497 2174 peracta.

234 2209 394 2251 Venne
417 2207 628 2261 adunque
651 2205 681 2247 il
709 2206 978 2250 Reuerendo
1009 2206 1154 2249 Padre
1183 2203 1510 2255 commissario,
1541 2202 1616 2259 gia
1638 2203 1695 2245 da

64 2268 203 2310 molto
227 2274 378 2322 tempo
400 2266 457 2308 da
479 2265 554 2308 noi
575 2265 845 2318 desiderato,
870 2265 943 2307 alli
967 2264 1174 2307 uintiuno
1197 2262 1419 2318 d’Aprile,
1445 2269 1490 2306 et
1518 2262 1554 2304 si
1577 2263 1601 2304 e
1624 2276 1695 2304 re—

65 2327 244 2371 tardato
266 2325 452 2369 insieme
475 2338 558 2367 con
589 2324 663 2367 noi
693 2324 840 2367 insino
869 2324 942 2367 alli
970 2331 1149 2379 quattro
1177 2324 1233 2366 de
1264 2321 1470 2377 Maggio,
1497 2322 1569 2364 nel
1592 2321 1696 2375 qual

66 2385 228 2442 giorno
251 2385 420 2427 ritorno
443 2384 487 2426 in
511 2384 628 2427 nella
650 2383 759 2426 citta
791 2383 835 2426 di
868 2383 1059 2427 Vienna.
1093 2381 1255 2438 Questi
1284 2380 1432 2437 giorni
1455 2395 1502 2422 se
1525 2379 1697 2435 occupo

63 2444 98 2487 il
120 2446 233 2488 Rdo.
257 2444 401 2487 Padre
419 2443 465 2484 in
483 2442 742 2486 reformarci
759 2443 800 2486 le
818 2449 972 2486 nostre
994 2441 1198 2484 examine
1222 2441 1432 2496 generale
1450 2441 1534 2482 che
1557 2439 1696 2482 deue-

67 2518 202 2547 uamo
226 2504 336 2555 fare,
362 2502 407 2545 in
431 2502 651 2545 oscoltare
674 2502 715 2544 le
738 2509 892 2545 nostre
920 2500 1216 2551 confessioni,
1247 2507 1291 2542 et
1319 2499 1365 2540 in
1388 2498 1496 2541 sarci
1518 2504 1697 2540 exorta-

66 2562 209 2615 tione,
243 2563 284 2605 le
314 2562 446 2617 quale
475 2575 611 2603 erano
640 2561 838 2604 secondo
869 2561 912 2603 lo
942 2560 1147 2603 instituto
1175 2559 1291 2603 della
1323 2564 1473 2600 nostra
1502 2558 1697 2612 Compa-

57 2621 181 2678 gnia,
208 2636 287 2678 per
308 2621 350 2665 le
383 2621 514 2675 quale
543 2619 584 2662 ci
613 2619 866 2676 insegnaua
892 2620 935 2661 la
964 2619 1205 2662 uocatione
1238 2624 1404 2659 nostra.
1438 2617 1497 2660 Se
1525 2614 1697 2671 occupo

58 2695 226 2724 ancora
255 2680 301 2722 in
332 2693 607 2736 cognoscere
637 2680 677 2722 le
708 2693 812 2723 cose
843 2678 1076 2734 temporali
1105 2678 1177 2719 del
1199 2683 1351 2719 nostro
1384 2674 1593 2731 collegio,
1618 2689 1697 2730 per

138 2790 147 2808 ¹
199 2787 256 2821 Ex
275 2787 463 2831 Regesto,
487 2785 580 2821 Cod.
604 2795 647 2830 33
674 2785 727 2830 c),
747 2784 814 2820 fol.
841 2792 923 2830 295.
950 2783 1050 2818 Vide
1076 2782 1189 2829 ep'ist.
1217 2781 1299 2825 288,
1325 2793 1362 2817 n.
1391 2781 1425 2824 83
1446 2786 1485 2815 et
1504 2792 1592 2827 pag.
1611 2779 1694 2826 339,

63 2839 257 2964 annflotffg
276 2881 498 2927 apographo
512 2891 674 2925 coaevo,
702 2880 741 2915 in
764 2879 858 2914 Cod.
878 2888 928 2924 29
953 2878 1005 2924 c),
1026 2876 1071 2912 30
1096 2876 1207 2923 (382).
1234 2875 1333 2911 Vide
1353 2887 1480 2921 supra,
1501 2886 1590 2922 pag.
1610 2884 1695 2921 499,

64 2939 168 2964 anno
192 2955 199 2963 .
224 2937 255 2964 Ι.
