<?xml version="1.0" encoding="UTF-8"?>
<!DOCTYPE html PUBLIC "-//W3C//DTD XHTML 1.0 Transitional//EN"
    "http://www.w3.org/TR/xhtml1/DTD/xhtml1-transitional.dtd">
<html xmlns="http://www.w3.org/1999/xhtml" xml:lang="en" lang="en">
 <head>
  <title>
</title>
<meta http-equiv="Content-Type" content="text/html;charset=utf-8" />
  <meta name='ocr-system' content='tesseract 3.04.00' />
  <meta name='ocr-capabilities' content='ocr_page ocr_carea ocr_par ocr_line ocrx_word'/>
</head>
<body>
  <div class='ocr_page' id='page_1' title='image "./epistolaephieron09nada_0339.png"; bbox 0 0 1958 3210; ppageno 0'>
   <div class='ocr_carea' id='block_1_1' title="bbox 732 123 1699 171">
    <p class='ocr_par' dir='ltr' id='par_1_1' title="bbox 732 123 1699 171">
     <span class='ocr_line' id='line_1_1' title="bbox 732 123 1699 171; baseline 0.003 -13"><span class='ocrx_word' id='word_1_1' title='bbox 732 131 774 158; x_wconf 87' lang='lat'><strong>12</strong></span> <span class='ocrx_word' id='word_1_2' title='bbox 799 124 913 169; x_wconf 82' lang='lat' dir='ltr'><strong>JUNn</strong></span> <span class='ocrx_word' id='word_1_3' title='bbox 942 123 1031 168; x_wconf 86' lang='lat'>1563</span> <span class='ocrx_word' id='word_1_4' title='bbox 1628 125 1699 171; x_wconf 86' lang='lat'><strong>307</strong></span> 
     </span>
    </p>
   </div>
   <div class='ocr_carea' id='block_1_2' title="bbox 535 313 1226 460">
    <p class='ocr_par' dir='ltr' id='par_1_2' title="bbox 535 313 1226 460">
     <span class='ocr_line' id='line_1_2' title="bbox 818 313 937 353; baseline 0 0"><span class='ocrx_word' id='word_1_5' title='bbox 818 313 937 353; x_wconf 64' lang='lat'><strong>284</strong></span> 
     </span>
     <span class='ocr_line' id='line_1_3' title="bbox 535 412 1226 460; baseline 0.006 -12"><span class='ocrx_word' id='word_1_6' title='bbox 535 413 582 449; x_wconf 88' lang='lat' dir='ltr'><strong>P.</strong></span> <span class='ocrx_word' id='word_1_7' title='bbox 615 412 854 460; x_wconf 89' lang='lat' dir='ltr'>JOANNES</span> <span class='ocrx_word' id='word_1_8' title='bbox 880 413 950 448; x_wconf 90' lang='lat' dir='ltr'><strong>DE</strong></span> <span class='ocrx_word' id='word_1_9' title='bbox 975 412 1226 452; x_wconf 92' lang='lat' dir='ltr'><strong>POLANCO</strong></span> 
     </span>
    </p>
   </div>
   <div class='ocr_carea' id='block_1_3' title="bbox 318 508 1443 638">
    <p class='ocr_par' dir='ltr' id='par_1_3' title="bbox 318 508 1443 638">
     <span class='ocr_line' id='line_1_4' title="bbox 707 508 1046 544; baseline 0.003 -1"><span class='ocrx_word' id='word_1_10' title='bbox 707 519 756 543; x_wconf 84' lang='lat' dir='ltr'><strong>ex</strong></span> <span class='ocrx_word' id='word_1_11' title='bbox 773 508 1046 544; x_wconf 86' lang='lat' dir='ltr'><strong>commissione</strong></span> 
     </span>
     <span class='ocr_line' id='line_1_5' title="bbox 318 592 1443 638; baseline 0.004 -4"><span class='ocrx_word' id='word_1_12' title='bbox 318 592 562 635; x_wconf 89' lang='lat' dir='ltr'>PATRI</span> <span class='ocrx_word' id='word_1_13' title='bbox 614 593 1109 636; x_wconf 87' lang='lat' dir='ltr'>HIERONYMO</span> <span class='ocrx_word' id='word_1_14' title='bbox 1163 594 1443 638; x_wconf 85' lang='lat' dir='ltr'><strong>NADAL</strong></span> 
     </span>
    </p>
   </div>
   <div class='ocr_carea' id='block_1_4' title="bbox 596 692 1188 739">
    <p class='ocr_par' dir='ltr' id='par_1_4' title="bbox 596 692 1188 739">
     <span class='ocr_line' id='line_1_6' title="bbox 596 692 1188 739; baseline 0.002 -11"><span class='ocrx_word' id='word_1_15' title='bbox 596 701 811 739; x_wconf 84' lang='lat' dir='ltr'>TRIDENTI,</span> <span class='ocrx_word' id='word_1_16' title='bbox 843 701 884 728; x_wconf 87' lang='lat'><strong>12</strong></span> <span class='ocrx_word' id='word_1_17' title='bbox 910 702 1015 736; x_wconf 88' lang='lat' dir='ltr'><strong>JUNn</strong></span> <span class='ocrx_word' id='word_1_18' title='bbox 1044 692 1133 738; x_wconf 86' lang='lat'>1563</span> <span class='ocrx_word' id='word_1_19' title='bbox 1162 695 1188 729; x_wconf 87' lang='lat'><strong>¹.</strong></span> 
     </span>
    </p>
   </div>
   <div class='ocr_carea' id='block_1_5' title="bbox 236 775 1530 883">
    <p class='ocr_par' dir='ltr' id='par_1_5' title="bbox 236 775 1530 883">
     <span class='ocr_line' id='line_1_7' title="bbox 236 775 1530 825; baseline 0.002 -15"><span class='ocrx_word' id='word_1_20' title='bbox 236 776 330 811; x_wconf 85' lang='lat' dir='ltr'><strong>Tres</strong></span> <span class='ocrx_word' id='word_1_21' title='bbox 339 775 500 822; x_wconf 82' lang='lat' dir='ltr'><strong>fratres</strong></span> <span class='ocrx_word' id='word_1_22' title='bbox 517 776 645 811; x_wconf 81' lang='lat' dir='ltr'><strong>Roma</strong></span> <span class='ocrx_word' id='word_1_23' title='bbox 664 777 706 811; x_wconf 79' lang='lat' dir='ltr'><strong>in</strong></span> <span class='ocrx_word' id='word_1_24' title='bbox 729 775 996 812; x_wconf 78' lang='lat' dir='ltr'><strong><em>Germaniam</em></strong></span> <span class='ocrx_word' id='word_1_25' title='bbox 1014 777 1142 813; x_wconf 81' lang='lat' dir='ltr'><strong>missi:</strong></span> <span class='ocrx_word' id='word_1_26' title='bbox 1161 777 1364 824; x_wconf 80' lang='lat' dir='ltr'><strong>theologus</strong></span> <span class='ocrx_word' id='word_1_27' title='bbox 1381 778 1530 825; x_wconf 73' lang='lat' dir='ltr'><strong>anglus</strong></span> 
     </span>
     <span class='ocr_line' id='line_1_8' title="bbox 693 836 1065 883; baseline 0 -12"><span class='ocrx_word' id='word_1_28' title='bbox 693 836 843 872; x_wconf 79' lang='lat' dir='ltr'><strong>Romae</strong></span> <span class='ocrx_word' id='word_1_29' title='bbox 860 838 1065 883; x_wconf 81' lang='lat' dir='ltr'><strong><em>aegrotat.</em></strong></span> 
     </span>
    </p>
   </div>
   <div class='ocr_carea' id='block_1_6' title="bbox 58 918 1692 2588">
    <p class='ocr_par' dir='ltr' id='par_1_6' title="bbox 58 918 1692 2588">
     <span class='ocr_line' id='line_1_9' title="bbox 154 918 1692 975; baseline 0.003 -14"><span class='ocrx_word' id='word_1_30' title='bbox 154 919 250 961; x_wconf 86' lang='lat' dir='ltr'><strong>Pax</strong></span> <span class='ocrx_word' id='word_1_31' title='bbox 272 918 375 975; x_wconf 92' lang='lat' dir='ltr'><strong>Xpi.</strong></span> <span class='ocrx_word' id='word_1_32' title='bbox 401 925 487 962; x_wconf 91' lang='lat' dir='ltr'><strong>etc.</strong></span> <span class='ocrx_word' id='word_1_33' title='bbox 515 919 580 962; x_wconf 90' lang='lat' dir='ltr'><strong>La</strong></span> <span class='ocrx_word' id='word_1_34' title='bbox 600 925 810 975; x_wconf 78' lang='lat' dir='ltr'><strong>presente</strong></span> <span class='ocrx_word' id='word_1_35' title='bbox 827 926 1098 975; x_wconf 86' lang='lat' dir='ltr'><strong>portaranno</strong></span> <span class='ocrx_word' id='word_1_36' title='bbox 1118 932 1142 974; x_wconf 86' lang='lat'>3</span> <span class='ocrx_word' id='word_1_37' title='bbox 1161 918 1322 963; x_wconf 89' lang='lat' dir='ltr'><strong>fratelli</strong></span> <span class='ocrx_word' id='word_1_38' title='bbox 1340 919 1588 963; x_wconf 88' lang='lat' dir='ltr'><strong>coadiutori</strong></span> <span class='ocrx_word' id='word_1_39' title='bbox 1606 922 1692 965; x_wconf 89' lang='lat' dir='ltr'><strong>che</strong></span> 
     </span>
     <span class='ocr_line' id='line_1_10' title="bbox 65 995 1691 1048; baseline 0.001 -9"><span class='ocrx_word' id='word_1_40' title='bbox 65 995 103 1039; x_wconf 90' lang='lat' dir='ltr'><strong>si</strong></span> <span class='ocrx_word' id='word_1_41' title='bbox 124 996 347 1038; x_wconf 89' lang='lat' dir='ltr'><strong>mandano</strong></span> <span class='ocrx_word' id='word_1_42' title='bbox 369 995 413 1038; x_wconf 91' lang='lat' dir='ltr'><strong>di</strong></span> <span class='ocrx_word' id='word_1_43' title='bbox 436 997 594 1048; x_wconf 87' lang='lat' dir='ltr'><strong>Roma,</strong></span> <span class='ocrx_word' id='word_1_44' title='bbox 620 996 816 1039; x_wconf 87' lang='lat' dir='ltr'><strong>secondo</strong></span> <span class='ocrx_word' id='word_1_45' title='bbox 839 998 923 1040; x_wconf 91' lang='lat' dir='ltr'><strong>che</strong></span> <span class='ocrx_word' id='word_1_46' title='bbox 945 997 1001 1039; x_wconf 94' lang='lat' dir='ltr'><strong>V.</strong></span> <span class='ocrx_word' id='word_1_47' title='bbox 1028 997 1082 1039; x_wconf 90' lang='lat' dir='ltr'><strong>R.</strong></span> <span class='ocrx_word' id='word_1_48' title='bbox 1103 996 1147 1039; x_wconf 89' lang='lat' dir='ltr'><strong>lo</strong></span> <span class='ocrx_word' id='word_1_49' title='bbox 1163 995 1348 1041; x_wconf 80' lang='lat' dir='ltr'><strong>ricerco.</strong></span> <span class='ocrx_word' id='word_1_50' title='bbox 1370 998 1520 1040; x_wconf 84' lang='lat' dir='ltr'><strong>L’uno</strong></span> <span class='ocrx_word' id='word_1_51' title='bbox 1538 999 1561 1040; x_wconf 82' lang='lat' dir='ltr'><strong>e</strong></span> <span class='ocrx_word' id='word_1_52' title='bbox 1580 997 1691 1040; x_wconf 87' lang='lat' dir='ltr'><strong>Gio-</strong></span> 
     </span>
     <span class='ocr_line' id='line_1_11' title="bbox 63 1072 1689 1129; baseline 0.001 -15"><span class='ocrx_word' id='word_1_53' title='bbox 63 1072 200 1116; x_wconf 89' lang='lat' dir='ltr'><strong>vanni</strong></span> <span class='ocrx_word' id='word_1_54' title='bbox 224 1072 416 1116; x_wconf 87' lang='lat' dir='ltr'><strong>Battista</strong></span> <span class='ocrx_word' id='word_1_55' title='bbox 437 1074 658 1125; x_wconf 85' lang='lat' dir='ltr'><strong>Luchese,</strong></span> <span class='ocrx_word' id='word_1_56' title='bbox 685 1072 881 1129; x_wconf 84' lang='lat' dir='ltr'><strong>giouane</strong></span> <span class='ocrx_word' id='word_1_57' title='bbox 902 1074 1041 1116; x_wconf 88' lang='lat' dir='ltr'><strong>molto</strong></span> <span class='ocrx_word' id='word_1_58' title='bbox 1061 1074 1119 1117; x_wconf 88' lang='lat' dir='ltr'><strong>da</strong></span> <span class='ocrx_word' id='word_1_59' title='bbox 1140 1074 1271 1126; x_wconf 86' lang='lat' dir='ltr'><strong>bene,</strong></span> <span class='ocrx_word' id='word_1_60' title='bbox 1292 1081 1336 1117; x_wconf 91' lang='lat' dir='ltr'><strong>et</strong></span> <span class='ocrx_word' id='word_1_61' title='bbox 1353 1074 1397 1116; x_wconf 84' lang='lat' dir='ltr'><strong>d&#39;</strong></span> <span class='ocrx_word' id='word_1_62' title='bbox 1418 1074 1566 1116; x_wconf 89' lang='lat' dir='ltr'><strong>alcuni</strong></span> <span class='ocrx_word' id='word_1_63' title='bbox 1586 1074 1689 1116; x_wconf 87' lang='lat' dir='ltr'><strong>anni</strong></span> 
     </span>
     <span class='ocr_line' id='line_1_12' title="bbox 64 1148 1689 1206; baseline 0.002 -16"><span class='ocrx_word' id='word_1_64' title='bbox 64 1149 253 1205; x_wconf 88' lang='lat' dir='ltr'><strong>probato</strong></span> <span class='ocrx_word' id='word_1_65' title='bbox 286 1150 402 1192; x_wconf 89' lang='lat' dir='ltr'><strong>nella</strong></span> <span class='ocrx_word' id='word_1_66' title='bbox 434 1148 731 1206; x_wconf 82' lang='lat' dir='ltr'><strong>Compagnia,</strong></span> <span class='ocrx_word' id='word_1_67' title='bbox 767 1156 812 1193; x_wconf 94' lang='lat' dir='ltr'><strong>et</strong></span> <span class='ocrx_word' id='word_1_68' title='bbox 843 1155 937 1192; x_wconf 88' lang='lat' dir='ltr'><strong>atto</strong></span> <span class='ocrx_word' id='word_1_69' title='bbox 969 1165 995 1193; x_wconf 89' lang='lat' dir='ltr'><strong>a</strong></span> <span class='ocrx_word' id='word_1_70' title='bbox 1027 1151 1164 1193; x_wconf 91' lang='lat' dir='ltr'><strong>molte</strong></span> <span class='ocrx_word' id='word_1_71' title='bbox 1192 1164 1321 1203; x_wconf 86' lang='lat' dir='ltr'><strong>cose,·</strong></span> <span class='ocrx_word' id='word_1_72' title='bbox 1345 1164 1474 1194; x_wconf 89' lang='lat' dir='ltr'><strong>come</strong></span> <span class='ocrx_word' id='word_1_73' title='bbox 1506 1151 1689 1194; x_wconf 81' lang='lat' dir='ltr'><strong>uedera.</strong></span> 
     </span>
     <span class='ocr_line' id='line_1_13' title="bbox 65 1226 1692 1283; baseline 0.001 -15"><span class='ocrx_word' id='word_1_74' title='bbox 65 1226 235 1269; x_wconf 86' lang='lat' dir='ltr'><strong>L’altro</strong></span> <span class='ocrx_word' id='word_1_75' title='bbox 257 1227 282 1269; x_wconf 76' lang='grc' dir='ltr'>ὲ</span> <span class='ocrx_word' id='word_1_76' title='bbox 305 1226 555 1270; x_wconf 89' lang='lat' dir='ltr'><strong>Benedetto</strong></span> <span class='ocrx_word' id='word_1_77' title='bbox 579 1226 894 1282; x_wconf 82' lang='lat' dir='ltr'><strong>Parmegiano,</strong></span> <span class='ocrx_word' id='word_1_78' title='bbox 920 1226 951 1268; x_wconf 90' lang='lat' dir='ltr'><strong>il</strong></span> <span class='ocrx_word' id='word_1_79' title='bbox 973 1228 1105 1282; x_wconf 90' lang='lat' dir='ltr'><strong>quale</strong></span> <span class='ocrx_word' id='word_1_80' title='bbox 1132 1241 1208 1270; x_wconf 88' lang='lat' dir='ltr'><strong>era</strong></span> <span class='ocrx_word' id='word_1_81' title='bbox 1236 1227 1291 1270; x_wconf 92' lang='lat' dir='ltr'><strong>de</strong></span> <span class='ocrx_word' id='word_1_82' title='bbox 1319 1227 1599 1283; x_wconf 81' lang='lat' dir='ltr'><strong>professione</strong></span> <span class='ocrx_word' id='word_1_83' title='bbox 1627 1227 1692 1270; x_wconf 91' lang='lat' dir='ltr'><strong>ci-</strong></span> 
     </span>
     <span class='ocr_line' id='line_1_14' title="bbox 64 1302 1691 1359; baseline 0.001 -14"><span class='ocrx_word' id='word_1_84' title='bbox 64 1302 239 1359; x_wconf 85' lang='lat' dir='ltr'><strong>rugico,</strong></span> <span class='ocrx_word' id='word_1_85' title='bbox 264 1309 308 1346; x_wconf 90' lang='lat' dir='ltr'><strong>et</strong></span> <span class='ocrx_word' id='word_1_86' title='bbox 331 1302 484 1345; x_wconf 89' lang='lat' dir='ltr'><strong>auanti</strong></span> <span class='ocrx_word' id='word_1_87' title='bbox 502 1304 586 1347; x_wconf 92' lang='lat' dir='ltr'><strong>che</strong></span> <span class='ocrx_word' id='word_1_88' title='bbox 603 1302 758 1346; x_wconf 89' lang='lat' dir='ltr'><strong>intrasi</strong></span> <span class='ocrx_word' id='word_1_89' title='bbox 776 1303 894 1347; x_wconf 84' lang='lat' dir='ltr'><strong>nella</strong></span> <span class='ocrx_word' id='word_1_90' title='bbox 910 1303 1193 1359; x_wconf 83' lang='lat' dir='ltr'><strong>Compagnia</strong></span> <span class='ocrx_word' id='word_1_91' title='bbox 1210 1305 1389 1348; x_wconf 88' lang='lat' dir='ltr'><strong>haueua</strong></span> <span class='ocrx_word' id='word_1_92' title='bbox 1407 1304 1691 1359; x_wconf 88' lang='lat' dir='ltr'><strong>frequentato</strong></span> 
     </span>
     <span class='ocr_line' id='line_1_15' title="bbox 63 1379 1691 1436; baseline -0.001 -13"><span class='ocrx_word' id='word_1_93' title='bbox 63 1379 179 1423; x_wconf 89' lang='lat' dir='ltr'><strong>assai</strong></span> <span class='ocrx_word' id='word_1_94' title='bbox 203 1386 353 1436; x_wconf 84' lang='lat' dir='ltr'><strong>tempo</strong></span> <span class='ocrx_word' id='word_1_95' title='bbox 375 1380 416 1423; x_wconf 80' lang='lat' dir='ltr'><strong>le</strong></span> <span class='ocrx_word' id='word_1_96' title='bbox 438 1379 710 1424; x_wconf 88' lang='lat' dir='ltr'><strong>confessioni</strong></span> <span class='ocrx_word' id='word_1_97' title='bbox 732 1386 777 1422; x_wconf 91' lang='lat' dir='ltr'><strong>et</strong></span> <span class='ocrx_word' id='word_1_98' title='bbox 794 1379 1115 1423; x_wconf 88' lang='lat' dir='ltr'><strong>communioni.</strong></span> <span class='ocrx_word' id='word_1_99' title='bbox 1137 1381 1211 1423; x_wconf 90' lang='lat' dir='ltr'><strong>Ha</strong></span> <span class='ocrx_word' id='word_1_100' title='bbox 1228 1380 1397 1423; x_wconf 89' lang='lat' dir='ltr'><strong>seruito</strong></span> <span class='ocrx_word' id='word_1_101' title='bbox 1416 1380 1459 1422; x_wconf 92' lang='lat' dir='ltr'><strong>in</strong></span> <span class='ocrx_word' id='word_1_102' title='bbox 1483 1382 1625 1423; x_wconf 85' lang='lat' dir='ltr'><strong>Roma</strong></span> <span class='ocrx_word' id='word_1_103' title='bbox 1647 1380 1691 1423; x_wconf 88' lang='lat' dir='ltr'><strong>di</strong></span> 
     </span>
     <span class='ocr_line' id='line_1_16' title="bbox 62 1455 1691 1513; baseline 0.001 -15"><span class='ocrx_word' id='word_1_104' title='bbox 62 1455 334 1509; x_wconf 87' lang='lat' dir='ltr'><strong>infermiero,</strong></span> <span class='ocrx_word' id='word_1_105' title='bbox 358 1463 402 1500; x_wconf 90' lang='lat' dir='ltr'><strong>et</strong></span> <span class='ocrx_word' id='word_1_106' title='bbox 425 1455 469 1498; x_wconf 93' lang='lat' dir='ltr'><strong>in</strong></span> <span class='ocrx_word' id='word_1_107' title='bbox 494 1457 631 1500; x_wconf 88' lang='lat' dir='ltr'><strong>molte</strong></span> <span class='ocrx_word' id='word_1_108' title='bbox 652 1471 759 1499; x_wconf 90' lang='lat' dir='ltr'><strong>cose</strong></span> <span class='ocrx_word' id='word_1_109' title='bbox 781 1456 818 1499; x_wconf 91' lang='lat' dir='ltr'><strong>si</strong></span> <span class='ocrx_word' id='word_1_110' title='bbox 840 1458 968 1513; x_wconf 79' lang='lat' dir='ltr'><strong>potra</strong></span> <span class='ocrx_word' id='word_1_111' title='bbox 995 1457 1258 1513; x_wconf 87' lang='lat' dir='ltr'><strong>adoperare,</strong></span> <span class='ocrx_word' id='word_1_112' title='bbox 1290 1458 1455 1513; x_wconf 79' lang='lat' dir='ltr'><strong>perche</strong></span> <span class='ocrx_word' id='word_1_113' title='bbox 1483 1459 1540 1501; x_wconf 91' lang='lat' dir='ltr'><strong>ha</strong></span> <span class='ocrx_word' id='word_1_114' title='bbox 1568 1458 1691 1500; x_wconf 86' lang='lat' dir='ltr'><strong>buon</strong></span> 
     </span>
     <span class='ocr_line' id='line_1_17' title="bbox 60 1531 1690 1589; baseline 0.002 -15"><span class='ocrx_word' id='word_1_115' title='bbox 60 1531 303 1586; x_wconf 85' lang='lat' dir='ltr'><strong>intellecto,</strong></span> <span class='ocrx_word' id='word_1_116' title='bbox 329 1547 456 1576; x_wconf 88' lang='lat' dir='ltr'><strong>come</strong></span> <span class='ocrx_word' id='word_1_117' title='bbox 478 1534 520 1576; x_wconf 79' lang='lat' dir='ltr'><strong>la</strong></span> <span class='ocrx_word' id='word_1_118' title='bbox 548 1533 822 1577; x_wconf 89' lang='lat' dir='ltr'><strong>uederanno.</strong></span> <span class='ocrx_word' id='word_1_119' title='bbox 857 1534 960 1577; x_wconf 92' lang='lat' dir='ltr'><strong>Non</strong></span> <span class='ocrx_word' id='word_1_120' title='bbox 988 1535 1013 1577; x_wconf 83' lang='lat' dir='ltr'><strong>e</strong></span> <span class='ocrx_word' id='word_1_121' title='bbox 1041 1540 1161 1577; x_wconf 86' lang='lat' dir='ltr'><strong>stato</strong></span> <span class='ocrx_word' id='word_1_122' title='bbox 1184 1533 1261 1589; x_wconf 73' lang='lat' dir='ltr'><strong>pisi</strong></span> <span class='ocrx_word' id='word_1_123' title='bbox 1283 1535 1368 1576; x_wconf 92' lang='lat' dir='ltr'><strong>che</strong></span> <span class='ocrx_word' id='word_1_124' title='bbox 1391 1548 1547 1577; x_wconf 86' lang='lat' dir='ltr'><strong>mezzo</strong></span> <span class='ocrx_word' id='word_1_125' title='bbox 1571 1549 1690 1577; x_wconf 90' lang='lat' dir='ltr'><strong>anno</strong></span> 
     </span>
     <span class='ocr_line' id='line_1_18' title="bbox 61 1609 1689 1667; baseline 0 -15"><span class='ocrx_word' id='word_1_126' title='bbox 61 1610 179 1654; x_wconf 90' lang='lat' dir='ltr'><strong>nella</strong></span> <span class='ocrx_word' id='word_1_127' title='bbox 201 1610 498 1667; x_wconf 84' lang='lat' dir='ltr'><strong>Compagnia,</strong></span> <span class='ocrx_word' id='word_1_128' title='bbox 525 1625 552 1653; x_wconf 92' lang='lat' dir='ltr'><strong>o</strong></span> <span class='ocrx_word' id='word_1_129' title='bbox 575 1616 691 1654; x_wconf 87' lang='lat' dir='ltr'><strong>sette</strong></span> <span class='ocrx_word' id='word_1_130' title='bbox 712 1609 839 1663; x_wconf 85' lang='lat' dir='ltr'><strong>mesi3</strong></span> <span class='ocrx_word' id='word_1_131' title='bbox 865 1624 938 1653; x_wconf 92' lang='lat' dir='ltr'><strong>ma</strong></span> <span class='ocrx_word' id='word_1_132' title='bbox 959 1612 1017 1653; x_wconf 93' lang='lat' dir='ltr'><strong>ha</strong></span> <span class='ocrx_word' id='word_1_133' title='bbox 1038 1611 1144 1653; x_wconf 91' lang='lat' dir='ltr'><strong>dato</strong></span> <span class='ocrx_word' id='word_1_134' title='bbox 1166 1611 1317 1653; x_wconf 89' lang='lat' dir='ltr'><strong>buona</strong></span> <span class='ocrx_word' id='word_1_135' title='bbox 1339 1610 1628 1655; x_wconf 77' lang='lat' dir='ltr'><strong>satisfatione.</strong></span> <span class='ocrx_word' id='word_1_136' title='bbox 1655 1612 1689 1653; x_wconf 86' lang='lat' dir='ltr'><strong>Il</strong></span> 
     </span>
     <span class='ocr_line' id='line_1_19' title="bbox 62 1685 1686 1741; baseline 0.002 -13"><span class='ocrx_word' id='word_1_137' title='bbox 62 1685 128 1741; x_wconf 87' lang='lat'><strong>3.⁰</strong></span> <span class='ocrx_word' id='word_1_138' title='bbox 165 1688 191 1730; x_wconf 80' lang='lat' dir='ltr'><strong>e</strong></span> <span class='ocrx_word' id='word_1_139' title='bbox 229 1687 562 1738; x_wconf 82' lang='lat' dir='ltr'><strong>Bartholomeo,</strong></span> <span class='ocrx_word' id='word_1_140' title='bbox 594 1686 710 1731; x_wconf 88' lang='lat' dir='ltr'><strong>della</strong></span> <span class='ocrx_word' id='word_1_141' title='bbox 740 1688 893 1730; x_wconf 91' lang='lat' dir='ltr'><strong>Marca</strong></span> <span class='ocrx_word' id='word_1_142' title='bbox 920 1687 1186 1740; x_wconf 84' lang='lat' dir='ltr'><strong>d’Ancona,</strong></span> <span class='ocrx_word' id='word_1_143' title='bbox 1227 1687 1285 1731; x_wconf 89' lang='lat' dir='ltr'><strong>de</strong></span> <span class='ocrx_word' id='word_1_144' title='bbox 1321 1687 1470 1730; x_wconf 82' lang='lat' dir='ltr'><strong>officio</strong></span> <span class='ocrx_word' id='word_1_145' title='bbox 1498 1694 1686 1741; x_wconf 84' lang='lat' dir='ltr'><strong>sartore,</strong></span> 
     </span>
     <span class='ocr_line' id='line_1_20' title="bbox 60 1763 1689 1820; baseline 0.001 -15"><span class='ocrx_word' id='word_1_146' title='bbox 60 1764 199 1806; x_wconf 88' lang='lat' dir='ltr'><strong>molto</strong></span> <span class='ocrx_word' id='word_1_147' title='bbox 226 1764 350 1806; x_wconf 91' lang='lat' dir='ltr'><strong>buon</strong></span> <span class='ocrx_word' id='word_1_148' title='bbox 378 1763 574 1820; x_wconf 86' lang='lat' dir='ltr'><strong>giouane</strong></span> <span class='ocrx_word' id='word_1_149' title='bbox 601 1771 646 1807; x_wconf 91' lang='lat' dir='ltr'><strong>et</strong></span> <span class='ocrx_word' id='word_1_150' title='bbox 680 1763 896 1820; x_wconf 85' lang='lat' dir='ltr'><strong>simplice,</strong></span> <span class='ocrx_word' id='word_1_151' title='bbox 929 1778 1057 1808; x_wconf 87' lang='lat' dir='ltr'><strong>come</strong></span> <span class='ocrx_word' id='word_1_152' title='bbox 1084 1765 1126 1807; x_wconf 79' lang='lat' dir='ltr'><strong>la</strong></span> <span class='ocrx_word' id='word_1_153' title='bbox 1156 1764 1430 1817; x_wconf 80' lang='lat' dir='ltr'><strong>uederann0‚</strong></span> <span class='ocrx_word' id='word_1_154' title='bbox 1462 1771 1507 1809; x_wconf 91' lang='lat' dir='ltr'><strong>et</strong></span> <span class='ocrx_word' id='word_1_155' title='bbox 1536 1764 1689 1807; x_wconf 87' lang='lat' dir='ltr'><strong>auanti</strong></span> 
     </span>
     <span class='ocr_line' id='line_1_21' title="bbox 59 1840 1688 1897; baseline 0 -14"><span class='ocrx_word' id='word_1_156' title='bbox 59 1842 144 1883; x_wconf 91' lang='lat' dir='ltr'><strong>che</strong></span> <span class='ocrx_word' id='word_1_157' title='bbox 166 1840 345 1884; x_wconf 87' lang='lat' dir='ltr'><strong>intrassi</strong></span> <span class='ocrx_word' id='word_1_158' title='bbox 367 1841 483 1884; x_wconf 89' lang='lat' dir='ltr'><strong>nella</strong></span> <span class='ocrx_word' id='word_1_159' title='bbox 506 1840 806 1897; x_wconf 82' lang='lat' dir='ltr'><strong>Compagnia‚</strong></span> <span class='ocrx_word' id='word_1_160' title='bbox 832 1843 975 1885; x_wconf 83' lang='lat' dir='ltr'><strong>anche</strong></span> <span class='ocrx_word' id='word_1_161' title='bbox 998 1840 1060 1884; x_wconf 91' lang='lat' dir='ltr'><strong>lui</strong></span> <span class='ocrx_word' id='word_1_162' title='bbox 1082 1842 1141 1884; x_wconf 91' lang='lat' dir='ltr'><strong>ha</strong></span> <span class='ocrx_word' id='word_1_163' title='bbox 1172 1842 1457 1896; x_wconf 86' lang='lat' dir='ltr'><strong>frequentato</strong></span> <span class='ocrx_word' id='word_1_164' title='bbox 1479 1841 1509 1884; x_wconf 90' lang='lat' dir='ltr'><strong>li</strong></span> <span class='ocrx_word' id='word_1_165' title='bbox 1538 1855 1688 1884; x_wconf 85' lang='lat' dir='ltr'><strong>sacra—</strong></span> 
     </span>
     <span class='ocr_line' id='line_1_22' title="bbox 59 1905 1688 1974; baseline 0.001 -15"><span class='ocrx_word' id='word_1_166' title='bbox 59 1916 214 1961; x_wconf 89' lang='lat' dir='ltr'><strong>menti.</strong></span> <span class='ocrx_word' id='word_1_167' title='bbox 236 1905 273 1961; x_wconf 76' lang='grc' dir='ltr'><strong>Ε</strong></span> <span class='ocrx_word' id='word_1_168' title='bbox 295 1924 414 1960; x_wconf 92' lang='lat' dir='ltr'><strong>stato</strong></span> <span class='ocrx_word' id='word_1_169' title='bbox 435 1917 566 1974; x_wconf 88' lang='lat' dir='ltr'><strong>pochi</strong></span> <span class='ocrx_word' id='word_1_170' title='bbox 589 1917 700 1962; x_wconf 90' lang='lat' dir='ltr'><strong>mesi</strong></span> <span class='ocrx_word' id='word_1_171' title='bbox 727 1918 932 1973; x_wconf 88' lang='lat' dir='ltr'><strong>probato,</strong></span> <span class='ocrx_word' id='word_1_172' title='bbox 958 1932 1031 1961; x_wconf 87' lang='lat' dir='ltr'><strong>ma</strong></span> <span class='ocrx_word' id='word_1_173' title='bbox 1052 1932 1139 1961; x_wconf 90' lang='lat' dir='ltr'><strong>con</strong></span> <span class='ocrx_word' id='word_1_174' title='bbox 1161 1919 1299 1961; x_wconf 92' lang='lat' dir='ltr'><strong>molto</strong></span> <span class='ocrx_word' id='word_1_175' title='bbox 1327 1919 1481 1961; x_wconf 89' lang='lat' dir='ltr'><strong>buona</strong></span> <span class='ocrx_word' id='word_1_176' title='bbox 1509 1917 1688 1961; x_wconf 88' lang='lat' dir='ltr'><strong>satisfa-</strong></span> 
     </span>
     <span class='ocr_line' id='line_1_23' title="bbox 59 1993 1688 2051; baseline 0.002 -15"><span class='ocrx_word' id='word_1_177' title='bbox 59 1993 196 2048; x_wconf 83' lang='lat' dir='ltr'><strong>tione3</strong></span> <span class='ocrx_word' id='word_1_178' title='bbox 221 2002 266 2038; x_wconf 90' lang='lat' dir='ltr'><strong>et</strong></span> <span class='ocrx_word' id='word_1_179' title='bbox 288 1995 393 2037; x_wconf 91' lang='lat' dir='ltr'><strong>tutti</strong></span> <span class='ocrx_word' id='word_1_180' title='bbox 414 1996 565 2038; x_wconf 85' lang='lat' dir='ltr'><strong>hanno</strong></span> <span class='ocrx_word' id='word_1_181' title='bbox 589 1995 700 2039; x_wconf 86' lang='lat' dir='ltr'><strong>fatto</strong></span> <span class='ocrx_word' id='word_1_182' title='bbox 721 1994 752 2037; x_wconf 89' lang='lat' dir='ltr'><strong>li</strong></span> <span class='ocrx_word' id='word_1_183' title='bbox 775 1994 868 2038; x_wconf 88' lang='lat' dir='ltr'><strong>uoti</strong></span> <span class='ocrx_word' id='word_1_184' title='bbox 899 1995 1014 2039; x_wconf 89' lang='lat' dir='ltr'><strong>suoi.</strong></span> <span class='ocrx_word' id='word_1_185' title='bbox 1052 1996 1108 2039; x_wconf 91' lang='lat' dir='ltr'><strong>V.</strong></span> <span class='ocrx_word' id='word_1_186' title='bbox 1146 1997 1199 2039; x_wconf 89' lang='lat' dir='ltr'><strong>R.</strong></span> <span class='ocrx_word' id='word_1_187' title='bbox 1231 1995 1261 2037; x_wconf 90' lang='lat' dir='ltr'><strong>li</strong></span> <span class='ocrx_word' id='word_1_188' title='bbox 1290 1997 1420 2051; x_wconf 78' lang='lat' dir='ltr'><strong>potra</strong></span> <span class='ocrx_word' id='word_1_189' title='bbox 1442 1996 1688 2051; x_wconf 89' lang='lat' dir='ltr'><strong>adoperare</strong></span> 
     </span>
     <span class='ocr_line' id='line_1_24' title="bbox 58 2070 1686 2128; baseline 0 -15"><span class='ocrx_word' id='word_1_190' title='bbox 58 2071 253 2114; x_wconf 91' lang='lat' dir='ltr'><strong>secondo</strong></span> <span class='ocrx_word' id='word_1_191' title='bbox 270 2073 354 2116; x_wconf 91' lang='lat' dir='ltr'><strong>che</strong></span> <span class='ocrx_word' id='word_1_192' title='bbox 374 2071 404 2113; x_wconf 90' lang='lat' dir='ltr'><strong>li</strong></span> <span class='ocrx_word' id='word_1_193' title='bbox 426 2073 583 2128; x_wconf 80' lang='lat' dir='ltr'><strong>parera</strong></span> <span class='ocrx_word' id='word_1_194' title='bbox 605 2071 682 2128; x_wconf 73' lang='lat' dir='ltr'><strong>pisi</strong></span> <span class='ocrx_word' id='word_1_195' title='bbox 704 2071 937 2128; x_wconf 83' lang='lat' dir='ltr'><strong>spediente</strong></span> <span class='ocrx_word' id='word_1_196' title='bbox 959 2086 1037 2127; x_wconf 85' lang='lat' dir='ltr'><strong>per</strong></span> <span class='ocrx_word' id='word_1_197' title='bbox 1059 2071 1088 2114; x_wconf 89' lang='lat' dir='ltr'><strong>il</strong></span> <span class='ocrx_word' id='word_1_198' title='bbox 1110 2071 1271 2114; x_wconf 87' lang='lat' dir='ltr'><strong>diuino</strong></span> <span class='ocrx_word' id='word_1_199' title='bbox 1294 2071 1498 2116; x_wconf 88' lang='lat' dir='ltr'><strong>seruitio.</strong></span> <span class='ocrx_word' id='word_1_200' title='bbox 1525 2073 1628 2114; x_wconf 92' lang='lat' dir='ltr'><strong>Non</strong></span> <span class='ocrx_word' id='word_1_201' title='bbox 1650 2070 1686 2113; x_wconf 93' lang='lat' dir='ltr'><strong>si</strong></span> 
     </span>
     <span class='ocr_line' id='line_1_25' title="bbox 58 2147 1685 2205; baseline 0 -16"><span class='ocrx_word' id='word_1_202' title='bbox 58 2148 222 2190; x_wconf 90' lang='lat' dir='ltr'><strong>manda</strong></span> <span class='ocrx_word' id='word_1_203' title='bbox 243 2151 349 2203; x_wconf 92' lang='lat' dir='ltr'><strong>quel</strong></span> <span class='ocrx_word' id='word_1_204' title='bbox 376 2148 557 2204; x_wconf 82' lang='lat' dir='ltr'><strong>teologo</strong></span> <span class='ocrx_word' id='word_1_205' title='bbox 579 2149 781 2204; x_wconf 84' lang='lat' dir='ltr'><strong>anglese,</strong></span> <span class='ocrx_word' id='word_1_206' title='bbox 806 2150 972 2205; x_wconf 81' lang='lat' dir='ltr'><strong>perche</strong></span> <span class='ocrx_word' id='word_1_207' title='bbox 995 2148 1032 2191; x_wconf 92' lang='lat' dir='ltr'><strong>si</strong></span> <span class='ocrx_word' id='word_1_208' title='bbox 1053 2149 1079 2192; x_wconf 76' lang='lat' dir='ltr'><strong>e</strong></span> <span class='ocrx_word' id='word_1_209' title='bbox 1111 2149 1302 2191; x_wconf 88' lang='lat' dir='ltr'><strong>amalato</strong></span> <span class='ocrx_word' id='word_1_210' title='bbox 1320 2155 1618 2204; x_wconf 82' lang='lat' dir='ltr'><strong>grauemente</strong></span> <span class='ocrx_word' id='word_1_211' title='bbox 1639 2147 1685 2189; x_wconf 90' lang='lat' dir='ltr'><strong>in</strong></span> 
     </span>
     <span class='ocr_line' id='line_1_26' title="bbox 59 2224 1681 2282; baseline -0.001 -15"><span class='ocrx_word' id='word_1_212' title='bbox 59 2225 203 2267; x_wconf 85' lang='lat' dir='ltr'><strong>Roma</strong></span> <span class='ocrx_word' id='word_1_213' title='bbox 219 2225 250 2267; x_wconf 81' lang='lat'><strong>².</strong></span> <span class='ocrx_word' id='word_1_214' title='bbox 272 2225 333 2269; x_wconf 87' lang='lat' dir='ltr'><strong>Se</strong></span> <span class='ocrx_word' id='word_1_215' title='bbox 355 2224 443 2268; x_wconf 91' lang='lat' dir='ltr'><strong>Dio</strong></span> <span class='ocrx_word' id='word_1_216' title='bbox 464 2227 597 2268; x_wconf 83' lang='lat' dir='ltr'><strong>uorra</strong></span> <span class='ocrx_word' id='word_1_217' title='bbox 619 2227 702 2268; x_wconf 91' lang='lat' dir='ltr'><strong>che</strong></span> <span class='ocrx_word' id='word_1_218' title='bbox 723 2224 787 2268; x_wconf 89' lang='lat' dir='ltr'><strong>lui</strong></span> <span class='ocrx_word' id='word_1_219' title='bbox 804 2225 1028 2281; x_wconf 84' lang='lat' dir='ltr'><strong>guarisca,</strong></span> <span class='ocrx_word' id='word_1_220' title='bbox 1050 2225 1125 2282; x_wconf 77' lang='lat' dir='ltr'><strong>gia</strong></span> <span class='ocrx_word' id='word_1_221' title='bbox 1140 2227 1292 2268; x_wconf 90' lang='lat' dir='ltr'><strong>hanno</strong></span> <span class='ocrx_word' id='word_1_222' title='bbox 1312 2225 1470 2268; x_wconf 91' lang='lat' dir='ltr'><strong>ordine</strong></span> <span class='ocrx_word' id='word_1_223' title='bbox 1487 2224 1531 2267; x_wconf 88' lang='lat' dir='ltr'><strong>di</strong></span> <span class='ocrx_word' id='word_1_224' title='bbox 1555 2239 1681 2267; x_wconf 88' lang='lat' dir='ltr'><strong>man-</strong></span> 
     </span>
     <span class='ocr_line' id='line_1_27' title="bbox 59 2300 1684 2358; baseline 0.001 -15"><span class='ocrx_word' id='word_1_225' title='bbox 59 2301 199 2344; x_wconf 90' lang='lat' dir='ltr'><strong>darlo.</strong></span> <span class='ocrx_word' id='word_1_226' title='bbox 215 2302 390 2357; x_wconf 76' lang='lat' dir='ltr'><strong>Questa</strong></span> <span class='ocrx_word' id='word_1_227' title='bbox 406 2316 496 2344; x_wconf 93' lang='lat' dir='ltr'><strong>non</strong></span> <span class='ocrx_word' id='word_1_228' title='bbox 514 2303 539 2345; x_wconf 79' lang='lat' dir='ltr'><strong>e</strong></span> <span class='ocrx_word' id='word_1_229' title='bbox 555 2316 634 2357; x_wconf 89' lang='lat' dir='ltr'><strong>per</strong></span> <span class='ocrx_word' id='word_1_230' title='bbox 651 2302 763 2344; x_wconf 89' lang='lat' dir='ltr'><strong>altro</strong></span> <span class='ocrx_word' id='word_1_231' title='bbox 781 2303 935 2354; x_wconf 88' lang='lat' dir='ltr'><strong>efetto‚</strong></span> <span class='ocrx_word' id='word_1_232' title='bbox 956 2309 1002 2345; x_wconf 93' lang='lat' dir='ltr'><strong>et</strong></span> <span class='ocrx_word' id='word_1_233' title='bbox 1018 2302 1126 2358; x_wconf 80' lang='lat' dir='ltr'><strong>pero</strong></span> <span class='ocrx_word' id='word_1_234' title='bbox 1142 2302 1352 2345; x_wconf 90' lang='lat' dir='ltr'><strong>hauendo</strong></span> <span class='ocrx_word' id='word_1_235' title='bbox 1370 2302 1482 2344; x_wconf 89' lang='lat' dir='ltr'><strong>fatto</strong></span> <span class='ocrx_word' id='word_1_236' title='bbox 1495 2300 1684 2356; x_wconf 88' lang='lat' dir='ltr'><strong>risposta</strong></span> 
     </span>
     <span class='ocr_line' id='line_1_28' title="bbox 60 2376 1680 2433; baseline 0 -14"><span class='ocrx_word' id='word_1_237' title='bbox 60 2377 150 2433; x_wconf 85' lang='lat' dir='ltr'><strong>agl’</strong></span> <span class='ocrx_word' id='word_1_238' title='bbox 175 2378 285 2421; x_wconf 85' lang='lat' dir='ltr'><strong>altre</strong></span> <span class='ocrx_word' id='word_1_239' title='bbox 307 2380 391 2422; x_wconf 88' lang='lat' dir='ltr'><strong>che</strong></span> <span class='ocrx_word' id='word_1_240' title='bbox 411 2380 666 2422; x_wconf 90' lang='lat' dir='ltr'><strong>haueuamo</strong></span> <span class='ocrx_word' id='word_1_241' title='bbox 688 2377 733 2421; x_wconf 89' lang='lat' dir='ltr'><strong>di</strong></span> <span class='ocrx_word' id='word_1_242' title='bbox 756 2380 812 2422; x_wconf 91' lang='lat' dir='ltr'><strong>V.</strong></span> <span class='ocrx_word' id='word_1_243' title='bbox 838 2380 892 2422; x_wconf 90' lang='lat' dir='ltr'><strong>R.</strong></span> <span class='ocrx_word' id='word_1_244' title='bbox 918 2385 963 2422; x_wconf 89' lang='lat' dir='ltr'><strong>et</strong></span> <span class='ocrx_word' id='word_1_245' title='bbox 985 2379 1057 2421; x_wconf 91' lang='lat' dir='ltr'><strong>del</strong></span> <span class='ocrx_word' id='word_1_246' title='bbox 1090 2379 1237 2422; x_wconf 88' lang='lat' dir='ltr'><strong>Padre</strong></span> <span class='ocrx_word' id='word_1_247' title='bbox 1260 2385 1399 2421; x_wconf 89' lang='lat' dir='ltr'><strong>rettor</strong></span> <span class='ocrx_word' id='word_1_248' title='bbox 1421 2378 1465 2420; x_wconf 90' lang='lat' dir='ltr'><strong>di</strong></span> <span class='ocrx_word' id='word_1_249' title='bbox 1488 2376 1680 2428; x_wconf 87' lang='lat' dir='ltr'><strong>Vienna,</strong></span> 
     </span>
     <span class='ocr_line' id='line_1_29' title="bbox 60 2452 1684 2511; baseline -0.001 -15"><span class='ocrx_word' id='word_1_250' title='bbox 60 2468 152 2497; x_wconf 93' lang='lat' dir='ltr'><strong>non</strong></span> <span class='ocrx_word' id='word_1_251' title='bbox 180 2454 242 2497; x_wconf 90' lang='lat' dir='ltr'><strong>mi</strong></span> <span class='ocrx_word' id='word_1_252' title='bbox 268 2455 506 2499; x_wconf 79' lang='lat' dir='ltr'><strong>estendero</strong></span> <span class='ocrx_word' id='word_1_253' title='bbox 534 2454 611 2511; x_wconf 74' lang='lat' dir='ltr'><strong>pisi</strong></span> <span class='ocrx_word' id='word_1_254' title='bbox 632 2455 678 2498; x_wconf 92' lang='lat' dir='ltr'><strong>in</strong></span> <span class='ocrx_word' id='word_1_255' title='bbox 699 2456 827 2508; x_wconf 84' lang='lat' dir='ltr'><strong>altro,</strong></span> <span class='ocrx_word' id='word_1_256' title='bbox 853 2470 997 2501; x_wconf 90' lang='lat' dir='ltr'><strong>senon</strong></span> <span class='ocrx_word' id='word_1_257' title='bbox 1026 2455 1073 2498; x_wconf 90' lang='lat' dir='ltr'><strong>in</strong></span> <span class='ocrx_word' id='word_1_258' title='bbox 1101 2454 1477 2506; x_wconf 88' lang='lat' dir='ltr'><strong>raccomandarci,</strong></span> <span class='ocrx_word' id='word_1_259' title='bbox 1510 2461 1598 2499; x_wconf 89' lang='lat' dir='ltr'><strong>etc.</strong></span> <span class='ocrx_word' id='word_1_260' title='bbox 1624 2452 1684 2496; x_wconf 92' lang='lat' dir='ltr'><strong>Di</strong></span> 
     </span>
     <span class='ocr_line' id='line_1_30' title="bbox 61 2531 809 2588; baseline 0.003 -15"><span class='ocrx_word' id='word_1_261' title='bbox 61 2531 245 2584; x_wconf 89' lang='lat' dir='ltr'><strong>Trento,</strong></span> <span class='ocrx_word' id='word_1_262' title='bbox 270 2531 300 2573; x_wconf 91' lang='lat' dir='ltr'><strong>li</strong></span> <span class='ocrx_word' id='word_1_263' title='bbox 328 2544 377 2575; x_wconf 88' lang='lat'><strong>12</strong></span> <span class='ocrx_word' id='word_1_264' title='bbox 400 2531 445 2574; x_wconf 91' lang='lat' dir='ltr'><strong>di</strong></span> <span class='ocrx_word' id='word_1_265' title='bbox 466 2531 654 2588; x_wconf 85' lang='lat' dir='ltr'><strong>Giugno</strong></span> <span class='ocrx_word' id='word_1_266' title='bbox 683 2533 809 2587; x_wconf 85' lang='lat'>1563.</span> 
     </span>
    </p>
   </div>
   <div class='ocr_carea' id='block_1_7' title="bbox 60 2618 324 2625">
    <p class='ocr_par' dir='ltr' id='par_1_7' title="bbox 60 2618 324 2625">
     <span class='ocr_line' id='line_1_31' title="bbox 60 2618 324 2625; baseline 0 0"><span class='ocrx_word' id='word_1_267' title='bbox 60 2618 324 2625; x_wconf 95' lang='lat' dir='ltr'><strong> </strong></span> 
     </span>
    </p>
   </div>
   <div class='ocr_carea' id='block_1_8' title="bbox 60 2655 1687 2822">
    <p class='ocr_par' dir='ltr' id='par_1_8' title="bbox 60 2655 1687 2822">
     <span class='ocr_line' id='line_1_32' title="bbox 133 2655 1435 2702; baseline 0 -12"><span class='ocrx_word' id='word_1_268' title='bbox 133 2657 143 2678; x_wconf 84' lang='lat'>²</span> <span class='ocrx_word' id='word_1_269' title='bbox 194 2656 252 2690; x_wconf 85' lang='lat' dir='ltr'><strong>Ex</strong></span> <span class='ocrx_word' id='word_1_270' title='bbox 269 2656 456 2702; x_wconf 87' lang='lat' dir='ltr'><strong>Regesto,</strong></span> <span class='ocrx_word' id='word_1_271' title='bbox 478 2655 577 2691; x_wconf 81' lang='lat' dir='ltr'><strong>cod.</strong></span> <span class='ocrx_word' id='word_1_272' title='bbox 601 2665 645 2701; x_wconf 82' lang='lat'><strong>33</strong></span> <span class='ocrx_word' id='word_1_273' title='bbox 663 2656 723 2701; x_wconf 82' lang='lat' dir='ltr'><strong>d),</strong></span> <span class='ocrx_word' id='word_1_274' title='bbox 743 2655 812 2692; x_wconf 90' lang='lat' dir='ltr'><strong>fol.</strong></span> <span class='ocrx_word' id='word_1_275' title='bbox 834 2665 893 2702; x_wconf 90' lang='lat'><strong>70.</strong></span> <span class='ocrx_word' id='word_1_276' title='bbox 914 2657 958 2692; x_wconf 93' lang='lat' dir='ltr'><strong>In</strong></span> <span class='ocrx_word' id='word_1_277' title='bbox 977 2656 1163 2702; x_wconf 82' lang='lat' dir='ltr'><strong>margine:</strong></span> <span class='ocrx_word' id='word_1_278' title='bbox 1184 2656 1256 2691; x_wconf 87' lang='lat' dir='ltr'><strong>P.e</strong></span> <span class='ocrx_word' id='word_1_279' title='bbox 1276 2655 1435 2691; x_wconf 79' lang='lat' dir='ltr'><strong>Natale.</strong></span> 
     </span>
     <span class='ocr_line' id='line_1_33' title="bbox 128 2711 1687 2761; baseline 0.001 -11"><span class='ocrx_word' id='word_1_280' title='bbox 128 2718 143 2737; x_wconf 81' lang='lat'><strong>²</strong></span> <span class='ocrx_word' id='word_1_281' title='bbox 193 2716 363 2761; x_wconf 88' lang='lat' dir='ltr'><strong>Joannes</strong></span> <span class='ocrx_word' id='word_1_282' title='bbox 381 2715 527 2760; x_wconf 87' lang='lat' dir='ltr'><strong>Coxus,</strong></span> <span class='ocrx_word' id='word_1_283' title='bbox 546 2714 586 2750; x_wconf 90' lang='lat' dir='ltr'><strong>ni</strong></span> <span class='ocrx_word' id='word_1_284' title='bbox 603 2714 784 2751; x_wconf 81' lang='lat' dir='ltr'><strong>fallimur.</strong></span> <span class='ocrx_word' id='word_1_285' title='bbox 804 2717 864 2752; x_wconf 90' lang='lat' dir='ltr'><strong>De</strong></span> <span class='ocrx_word' id='word_1_286' title='bbox 882 2727 929 2751; x_wconf 92' lang='lat' dir='ltr'><strong>eo</strong></span> <span class='ocrx_word' id='word_1_287' title='bbox 946 2715 1092 2751; x_wconf 88' lang='lat' dir='ltr'><strong>dictum</strong></span> <span class='ocrx_word' id='word_1_288' title='bbox 1110 2719 1171 2750; x_wconf 91' lang='lat' dir='ltr'><strong>est</strong></span> <span class='ocrx_word' id='word_1_289' title='bbox 1184 2714 1224 2749; x_wconf 92' lang='lat' dir='ltr'><strong>in</strong></span> <span class='ocrx_word' id='word_1_290' title='bbox 1241 2714 1356 2761; x_wconf 89' lang='lat' dir='ltr'><strong>epist.</strong></span> <span class='ocrx_word' id='word_1_291' title='bbox 1377 2715 1460 2760; x_wconf 84' lang='lat'>265,</span> <span class='ocrx_word' id='word_1_292' title='bbox 1476 2726 1515 2750; x_wconf 91' lang='lat' dir='ltr'><strong>n.</strong></span> <span class='ocrx_word' id='word_1_293' title='bbox 1542 2723 1577 2758; x_wconf 81' lang='lat'><strong>2;</strong></span> <span class='ocrx_word' id='word_1_294' title='bbox 1597 2711 1687 2758; x_wconf 80' lang='lat'><strong>273‚,</strong></span> 
     </span>
     <span class='ocr_line' id='line_1_34' title="bbox 60 2774 686 2822; baseline 0 -13"><span class='ocrx_word' id='word_1_295' title='bbox 60 2779 100 2809; x_wconf 88' lang='lat' dir='ltr'><strong>et</strong></span> <span class='ocrx_word' id='word_1_296' title='bbox 117 2782 200 2821; x_wconf 84' lang='lat'><strong>277,</strong></span> <span class='ocrx_word' id='word_1_297' title='bbox 219 2787 258 2810; x_wconf 89' lang='lat' dir='ltr'><strong>n.</strong></span> <span class='ocrx_word' id='word_1_298' title='bbox 279 2784 314 2810; x_wconf 86' lang='lat'><strong>2.</strong></span> <span class='ocrx_word' id='word_1_299' title='bbox 335 2774 435 2810; x_wconf 87' lang='lat' dir='ltr'><strong>Vide</strong></span> <span class='ocrx_word' id='word_1_300' title='bbox 453 2774 635 2822; x_wconf 70' lang='lat' dir='ltr'><strong>append„</strong></span> <span class='ocrx_word' id='word_1_301' title='bbox 655 2775 686 2810; x_wconf 93' lang='grc' dir='ltr'><strong>Ι.</strong></span> 
     </span>
    </p>
   </div>
  </div>
 </body>
</html>
