1958 3210
278 237 349 272 472
826 228 964 262 EPIST.
994 226 1035 260 Ρ.
1066 224 1338 271 NADAL-—339

370 330 614 384 Inscriptio
636 330 686 370 in
710 332 877 384 quarta
892 328 1092 384 pagina:
1109 327 1138 385 †
1157 328 1262 370 Allo
1280 329 1418 371 molto
1436 329 1545 371 Rdo.
1567 328 1612 371 in
1631 329 1814 372 Christo
1833 332 1920 385 Pa÷

279 407 359 449 dre
383 406 413 447 il
437 407 489 448 Ρ.
518 407 578 448 M.
607 405 874 449 Hieronimo
897 405 1059 458 Nadal,
1085 404 1396 448 commissario
1419 406 1632 462 generale
1649 407 1765 449 della
1781 407 1918 458 Com-7

280 482 445 538 pagnia
468 480 555 540 [de]
578 484 719 535 Iesus,
747 490 854 535 eto,
880 482 927 524 in
950 483 1161 538 Augosta
1183 496 1209 525 o
1232 482 1432 545 Dilinga.
1467 484 1573 525 Alia
1605 498 1761 526 manu:
1789 485 1921 540 1563..

280 562 480 603 Treuere
505 561 555 602 P.
585 560 727 622 Ant.⁰·
745 559 876 611 Vinc,
902 572 930 613 4
953 558 997 602 di
1020 559 1154 602 X.b1·e
1178 559 1336 616 Sigilli
1357 561 1617 616 vestigium.

1035 724 1161 764 339

824 815 872 850 P.
905 814 1180 852 ANTONIUS
1208 814 1375 850 viNcK

540 900 786 942 PATRI
836 900 1335 943 HIERONYMO
1385 901 1663 944 NADAL

748 1002 955 1040 TREVIRIS,
982 1004 1004 1038 4
1031 1002 1271 1029 DECEMBms
1302 993 1391 1039 1563
1422 997 1449 1029 ¹.

396 1076 451 1111 De
471 1078 646 1121 quodam
664 1077 924 1118 adolescente,
945 1077 1015 1122 qni
1034 1077 1077 1111 in
1096 1075 1336 1112 Societatem
1355 1079 1536 1124 cooptari
1556 1079 1803 1125 postulabat.

1090 1160 1118 1218 †

371 1257 466 1299 Pax
485 1255 654 1298 Christi
672 1264 759 1299 etc.
782 1258 924 1300 Molto
943 1258 1054 1300 Rdo.
1078 1257 1124 1300 in
1142 1257 1325 1301 Christo
1346 1259 1507 1300 Padre.
1531 1259 1707 1314 Questa
1724 1261 1825 1302 sara
1843 1274 1920 1315 per

274 1334 358 1375 dar
381 1332 507 1375 auiso
530 1333 616 1375 alla
639 1335 692 1376 R.
721 1335 774 1376 Ρ.
803 1335 859 1378 V.
887 1349 1015 1378 come
1038 1335 1143 1389 quel
1160 1335 1329 1390 jouane
1359 1335 1583 1392 phylippo
1612 1335 1919 1380 Wormatien-

277 1426 343 1464 56,
369 1412 411 1453 10
435 1411 568 1465 quale
592 1412 649 1454 V.
677 1413 730 1454 R.
765 1413 816 1454 Ρ.
846 1411 1065 1456 riceuette
1096 1412 1141 1454 in
1171 1419 1331 1467 questo
1360 1413 1553 1469 collegio
1582 1413 1735 1456 auanti
1766 1415 1849 1456 che
1878 1413 1921 1456 di

278 1488 355 1543 qui
379 1487 416 1530 si
439 1494 657 1543 partesse,
684 1488 720 1531 si
743 1489 909 1532 habbia
931 1504 1107 1545 sempre
1130 1497 1307 1545 portato
1327 1490 1466 1532 molto
1485 1491 1617 1543 bene,
1639 1498 1684 1534 et
1702 1491 1813 1533 fatto
1831 1505 1922 1534 non

280 1565 506 1609 mediocre
531 1565 686 1617 frusto,
715 1573 841 1608 tanto
864 1567 981 1610 nelle
1005 1567 1178 1619 lettere,
1200 1581 1328 1610 come
1351 1567 1469 1610 116110
1492 1567 1665 1622 spirito,
1691 1574 1736 1610 et
1759 1569 1783 1610 6
1805 1575 1922 1610 stato

278 1651 325 1685 et
348 1650 416 1685 sta
440 1643 579 1685 molto
604 1643 746 1686 fermo
768 1645 887 1687 nella
912 1644 1164 1697 vocatione3
1195 1659 1281 1700 pur
1309 1659 1400 1687 non
1429 1646 1488 1687 ha
1517 1646 1690 1687 hauuto
1721 1644 1808 1688 mai
1837 1646 1922 1688 let-

279 1728 373 1764 tere
397 1719 441 1761 ni
466 1721 579 1762 altro
602 1718 747 1776 segno
770 1721 954 1765 efficace
977 1722 1094 1764 della
1117 1722 1304 1764 volunta
1326 1729 1371 1764 et
1394 1718 1617 1765 6011561150
1635 1723 1751 1765 (16113
1769 1723 1920 1766 madre

278 1811 376 1850 533,
404 1804 448 1841 et
471 1797 549 1852 pisi
571 1798 692 1840 volte
715 1798 891 1851 lettere,
913 1799 1030 1842 nelle
1053 1800 1066 1819 ‘²
1092 1800 1225 1854 quale
1247 1806 1509 1842 monstraua
1531 1813 1682 1843 essere
1705 1800 1793 1842 mal
1810 1814 1919 1842 con—

279 1881 405 1917 tenta
433 1875 582 1926 (16550,
618 1890 695 1930 per
728 1890 851 1918 esser
888 1875 1055 1918 intrato
1094 1877 1210 1919 nella
1249 1876 1548 1933 Compagnia;
1590 1883 1635 1920 et
1667 1878 1826 1919 adesso
1863 1879 1920 1919 ha

279 1952 493 1994 mandata
521 1953 680 1996 lettere
711 1967 802 1994 non
831 1954 1080 1997 solamente
1111 1954 1153 1996 al
1181 1953 1369 2010 figliolo,
1402 1969 1474 1996 ma
1503 1955 1544 1997 al
1583 1962 1772 2007 rettore,
1804 1954 1920 1998 nelle

226 2023 230 2028 ’
278 2029 414 2084 quale
437 2029 474 2071 51
498 2030 693 2072 lamenta
733 2031 806 2072 del
835 2030 1097 2082 medesimo,
1130 2038 1175 2074 et
1204 2045 1308 2073 cum
1346 2031 1550 2074 instanza
1582 2032 1806 2074 domanda
1839 2032 1922 2074 che
1957 2047 1958 2094 1

282 2106 401 2149 torni
425 2113 470 2150 et
493 2121 642 2163 venga
665 2107 722 2149 da
744 2106 818 2160 161;
845 2115 890 2149 et
913 2109 1095 2162 quando
1118 2109 1268 2164 quello
1291 2123 1381 2151 non
1411 2109 1598 2161 fecesse,
1632 2110 1765 2152 vuole
1795 2110 1809 2129 ⁵
1839 2109 1920 2151 do-

280 2184 515 2227 mandarlo
539 2198 618 2240 per
641 2184 713 2226 via
736 2185 791 2227 de
815 2184 986 2228 iustitia
1009 2200 1192 2241 apresso
1216 2187 1304 2228 allo
1330 2188 1458 2229 Rmo.
1488 2194 1765 2238 treuerense,
1790 2185 1821 2228 il
1838 2188 1921 2228 che

279 2262 393 2303 altra
421 2262 544 2304 volta
572 2264 770 2304 anchora
801 2263 842 2304 al
872 2262 998 2318 figlio
1027 2265 1085 2305 ha
1123 2263 1380 2319 significato
1417 2264 1461 2306 di
1500 2265 1626 2306 voler
1663 2262 1921 2307 lamentarsi

279 2353 465 2394 apresso
488 2338 519 2380 il
542 2340 693 2392 Rmo.;
720 2354 791 2382 ma
814 2340 974 2382 adesso
997 2355 1103 2396 pare
1125 2343 1209 2384 che
1232 2341 1396 2384 habbia
1426 2342 1566 2384 ferma
1594 2340 1843 2384 intentione
1876 2347 1931 2384 et.

279 2416 641 2472 apprehensione
671 2417 715 2459 di
744 2418 894 2472 quello
922 2418 967 2460 di
1008 2419 1118 2460 farlo
1155 2425 1326 2473 quanto
1364 2427 1544 2474 potemo
1580 2418 1795 2462 iudicare.
1835 2420 1921 2461 Per

281 2500 411 2536 tanto
435 2493 473 2536 si
496 2495 520 2535 6
545 2484 692 2549 parso,
720 2495 997 2538 attendendo
1026 2497 1110 2538 che
1140 2510 1233 2538 non
1264 2503 1446 2551 potemo
1475 2503 1724 2538 monstrare
1754 2510 1811 2539 ne
1839 2510 1920 2538 an-

279 2571 421 2613 chora
444 2570 489 2612 in
513 2571 657 2614 verita
679 2571 776 2615 dire
799 2586 927 2615 come
944 2572 1008 2615 513
1027 2580 1144 2615 stato
1162 2572 1192 2614 11
1209 2573 1334 2616 detto
1355 2572 1576 2628 Phylippo
1594 2572 1801 2616 riceuuto
1817 2586 1920 2615 cum

281 2648 468 2690 volunta
496 2648 613 2692 della
642 2649 796 2693 madre
825 2650 1015 2706 (benche
1047 2650 1135 2692 ben
1176 2649 1389 2692 hebbimo
1427 2649 1591 2705 signali
1628 2664 1708 2705 per
1739 2649 1769 2691 li
1799 2647 1920 2704 quali

281 2739 551 2780 sperauamo
575 2725 691 2768 saria
714 2734 943 2778 contenta,
971 2741 1098 2769 come
1131 2727 1160 2768 il
1189 2726 1360 2770 sororio
1387 2727 1461 2771 del
1495 2726 1717 2782 phylippo
1746 2726 1920 2782 diceua)

356 2869 364 2887 ¹
417 2867 474 2901 Ex
493 2868 748 2913 autographo,
767 2867 807 2902 in
830 2867 923 2903 Cod.
945 2878 995 2913 29
1015 2869 1066 2913 c),
1088 2868 1202 2903 unico
1220 2868 1291 2904 fol.
1316 2876 1386 2903 210
1404 2867 1523 2912 (332).
1548 2869 1663 2903 Plura
1679 2866 1922 2903 emendanda

281 2923 320 2959 in
339 2925 409 2960 hac
429 2925 594 2972 epistola
614 2926 874 2973 reperiuntur,
894 2939 1057 2974 quorum
1076 2928 1282 2975 praecipua
1301 2934 1497 2964 notamus.

352 2986 366 3005 '²
419 2985 608 3031 Autogr.,
628 2986 751 3027 nella,
771 2987 833 3022 hic
853 2993 892 3022 et
917 2987 1030 3023 infra.

353 3044 367 3063 ³
418 3044 609 3091 Autogr.,
635 3046 767 3081 vuolo.
