1958 3210
282 181 348 217 144
832 177 973 213 EPIST.
1005 178 1049 214 P.
1078 178 1347 226 NADAL—227

282 274 379 316 Ora
393 279 482 330 pro
503 290 585 328 me,
610 277 768 319 Pater.
788 278 867 320 En
885 280 1056 322 Trento
1090 281 1118 333 ¹,
1145 285 1171 323 3
1200 293 1256 325 20
1284 283 1339 326 (16
1364 284 1639 328 Nouiembre
1674 288 1799 341 1562.
1824 290 1898 333 De

272 352 328 394 V.
356 352 408 394 P.
435 351 583 396 sieruo
606 368 663 397 en
686 353 790 407 X.‘0,

1350 419 1379 476 †
1411 421 1595 466 NADAL.
1632 422 1661 479 †

1478 497 1507 554 †

355 583 550 626 Polcmci
570 599 729 626 manu:
751 586 960 629 Inbiense
982 591 1008 630 3
1036 589 1180 631 Roma
1202 590 1235 631 ².
1269 590 1514 647 Inscripiio
1538 593 1588 635 in
1615 598 1780 649 quarta
1802 600 1891 652 pa—

262 659 398 715 gina:
421 662 520 717 Jhs.
553 662 614 704 Al
646 662 786 704 molto
821 663 934 706 Rdo.
967 663 1013 705 in
1041 665 1224 708 Christo
1247 667 1408 720 Padre,
1441 668 1472 710 il
1496 671 1547 712 Ρ.
1582 678 1737 714 nostro
1764 673 1897 716 M‚tr0

258 738 430 794 Jacobo
463 738 660 793 Laynez,
702 740 961 795 praeposito
1001 743 1216 797 generale
1249 744 1365 787 della
1404 746 1687 803 Compagnia
1725 750 1780 792 de
1811 752 1891 807 Je—

263 828 332 866 Su,
354 820 442 858 etc.
462 829 519 858 en
537 817 725 860 Trento,
754 818 859 859 Alia
878 833 1035 860 manu:
1054 820 1171 862 Para
1187 821 1229 863 el
1248 822 1300 863 P.
1322 822 1357 863 F
1360 822 1563 866 rancisco
1583 824 1639 867 de
1664 826 1810 881 Borja.
1831 827 1895 869 Et

260 891 369 932 alia:
403 893 512 946 1562
543 894 574 936 ⁵.
620 894 806 937 Trento,
849 896 930 937 Re
964 896 1131 949 Ν3ε131,
1160 909 1216 939 20
1245 898 1301 942 (16
1326 899 1601 944 Nouembre.
1637 902 1887 960 Vestigium

261 982 389 1011 cerae
417 970 580 1026 sigilli.

332 1114 342 1134 ¹
393 1111 459 1148 Sic
477 1112 516 1148 in
535 1113 759 1160 archetyp0;
780 1113 848 1148 sed
867 1112 1029 1149 evidens
1054 1127 1160 1150 error
1185 1123 1359 1163 apparet,
1381 1123 1462 1153 tum
1482 1131 1530 1153 ex
1555 1119 1615 1162 iis,
1636 1132 1735 1167 quae
1753 1133 1886 1169 supra⁷

259 1183 296 1205 n.
318 1180 339 1206 2
356 1171 471 1217 hujus
496 1171 684 1218 epistolae
709 1172 902 1217 dicuntur,
928 1185 982 1209 sc.
1010 1177 1189 1221 «ayudar
1215 1180 1290 1212 este
1315 1178 1464 1225 colegio
1488 1180 1535 1214 de
1559 1179 1761 1226 Ispruclz»,
1782 1186 1821 1217 et
1847 1182 1888 1218 in

257 1230 333 1265 fine
352 1230 488 1277 ipsius,
508 1231 575 1266 ubi
593 1231 659 1266 ait:
681 1244 748 1278 «yo
766 1236 994 1268 comenzare'
1012 1236 1035 1269 ά
1054 1236 1305 1278 examinar»,
1327 1242 1407 1272 tum
1435 1250 1483 1272 ex
1502 1249 1547 1272 eo
1571 1239 1672 1285 quod
1691 1241 1737 1275 P.
1763 1241 1885 1277 Nadal

255 1289 485 1325 Tridentum
503 1302 580 1325 non
598 1291 708 1326 venit
726 1297 815 1326 ante
834 1291 936 1327 diem
963 1301 1004 1337 15
1029 1294 1272 1339 Decembris,
1299 1300 1341 1331 ut
1367 1296 1406 1331 in
1428 1296 1568 1333 litteris
1594 1299 1636 1334 P.
1667 1299 1810 1335 Lainez
1836 1300 1885 1336 ad

255 1350 298 1385 S.
324 1350 573 1385 Franciscum
591 1350 639 1385 de
654 1351 780 1397 Borja,
804 1359 844 1396 17
860 1352 1090 1388 Decembris
1108 1353 1222 1400 hujus
1241 1355 1329 1390 anni
1344 1355 1531 1391 Tridento
1546 1357 1661 1404 datis,
1677 1359 1784 1394 hisce
1798 1371 1883 1396 ver-

253 1409 313 1444 bis
332 1409 531 1444 asseritur:
553 1422 618 1444 «...
639 1411 682 1445 El
704 1416 860 1455 martes,
879 1423 954 1458 que
971 1411 1036 1447 fue
1055 1418 1255 1459 anteayer,
1275 1416 1378 1460 llego
1395 1418 1484 1462 aqui
1504 1418 1537 1451 el
1558 1417 1600 1451 Ρ.
1622 1418 1759 1463 Ν3(131,
1786 1431 1812 1465 y
1838 1431 1882 1455 se

252 1469 421 1515 quedarei
439 1480 506 1515 por
523 1470 640 1514 algsm
665 1470 810 1516 tiempo
837 1482 885 1505 en
911 1471 1071 1516 Trento,
1102 1473 1380 1518 ayude'mdonos
1407 1487 1455 1510 en
1481 1476 1519 1511 10
1545 1488 1621 1523 que
1648 1478 1880 1526 occurriere,

252 1529 362 1563 hasta
379 1540 453 1575 que
473 1530 508 1563 13
527 1534 637 1575 peste
656 1529 703 1564 (16
722 1530 832 1575 lugar
849 1530 897 1565 de
916 1530 1050 1566 uisitar
1067 1532 1124 1566 los
1144 1532 1330 1579 collegios
1344 1546 1419 1580 que
1438 1536 1473 1569 le
1493 1536 1567 1570 han
1585 1536 1762 1583 quedado
1780 1537 1829 1573 de
1844 1539 1882 1574 la

249 1587 448 1634 prouincia
466 1588 514 1623 de
535 1588 819 1634 Alemagna...»
838 1590 896 1623 Ex
914 1590 1099 1635 Regest0‚
1124 1590 1217 1626 Cod.
1241 1602 1298 1637 33,
1319 1593 1367 1637 c),
1391 1592 1457 1628 fol.
1483 1593 1561 1629 106.

320 1650 333 1669 ‘2
385 1648 591 1693 PoIancus,
613 1659 661 1683 ex
685 1648 905 1693 commiss.‚
929 1649 974 1683 26
998 1649 1233 1686 Novembris
1258 1652 1304 1687 S.
1337 1653 1543 1688 Francisco
1567 1653 1616 1689 (16
1646 1655 1759 1701 Borja
1782 1656 1883 1692 haec

249 1706 459 1742 scribebat:
481 1720 546 1743 «...
566 1708 611 1742 El
630 1707 677 1742 P.
703 1708 823 1742 Nadal
844 1710 926 1743 esta
944 1720 992 1743 en
1012 1709 1220 1755 Hispruch,
1241 1723 1267 1757 y
1286 1716 1397 1746 entre
1416 1718 1518 1748 otras
1538 1714 1654 1748 letras
1674 1715 1823 1751 escriue
1842 1716 1878 1751 13

247 1779 322 1813 que
341 1769 429 1814 aqui
447 1779 508 1802 ua.
529 1768 581 1802 V.
605 1768 657 1803 R.
680 1768 780 1813 haga
796 1768 1007 1814 responder
1021 1771 1042 1803 3
1060 1770 1117 1804 los
1136 1769 1205 1804 dos
1224 1775 1366 1816 puntos
1390 1784 1464 1818 que
1491 1784 1539 1807 en
1564 1774 1600 1808 13
1626 1785 1800 1819 margen,
1828 1775 1877 1811 de

249 1827 299 1862 mi
324 1828 436 1873 letra,
455 1829 565 1863 estzin
584 1827 799 1863 senalados.
820 1828 1028 1863 Pareceme
1046 1841 1088 1863 se
1107 1829 1322 1865 determina
1341 1832 1375 1865 el
1402 1831 1514 1867 dicho
1541 1832 1664 1868 Padre
1689 1833 1737 1868 de
1762 1835 1881 1871 hazer

246 1888 282 1922 13
300 1886 416 1922 uisita
434 1886 482 1922 (16
503 1887 718 1933 Alemagna
741 1892 851 1922 antes
875 1887 923 1922 de
948 1887 1058 1923 uenir
1072 1891 1093 1923 3
1111 1889 1328 1925 Trento...»
1348 1891 1512 1936 Regest.
1541 1891 1638 1928 Cod.
1666 1903 1723 1938 33,
1743 1894 1794 1939 c),
1813 1895 1875 1930 60.

246 1947 333 1981 Duo
351 1951 481 1981 autem
499 1952 655 1992 puncta,
675 1946 723 1981 de
741 1947 881 1993 quibus
901 1947 1064 1992 Borgiae
1079 1948 1283 1983 consilium
1300 1949 1589 1996 exquirebatur,
1609 1957 1718 1987 erant
1735 1952 1878 1989 admis-

246 2006 302 2041 sio
323 2006 479 2051 collegii
503 2005 690 2051 dilingani
717 2012 755 2041 et
774 2006 888 2041 Fabri
913 2007 1245 2055 Aschremanique
1270 2009 1484 2055 negotium,
1503 2015 1544 2045 ut
1569 2012 1745 2058 superius
1761 2018 1873 2048 nota-

245 2071 326 2100 tum
346 2070 422 2100 est.

312 2125 326 2145 ³
377 2124 516 2159 Variae
535 2124 827 2160 emendationes
846 2131 1032 2171 apparent
1047 2125 1085 2161 in
1103 2127 1175 2161 hoc
1197 2127 1334 2162 ultimo
1358 2140 1532 2169 numero,
1550 2129 1603 2164 ita
1625 2135 1667 2165 ut
1682 2131 1774 2177 quid
1790 2136 1873 2167 tan-

244 2184 331 2218 dem
351 2184 537 2230 scriptum
556 2183 673 2219 fuerit
691 2195 767 2219 non
789 2185 891 2219 clare
915 2184 1083 2220 discerni
1107 2186 1242 2232 possit.
1273 2187 1445 2222 Dubium
1471 2200 1564 2223 vero
1589 2191 1751 2237 nullum,
1778 2191 1872 2238 quin.

242 2243 406 2289 epistola
423 2245 518 2279 haec
536 2255 636 2279 anno
657 2243 746 2288 1562
764 2243 853 2278 data
872 2243 1004 2291 fuerit,
1022 2256 1223 2281 remanere
1242 2257 1357 2292 posse
1382 2247 1551 2283 videtur.
