1958 3210
675 171 697 205 9
722 160 873 195 MARTu
902 160 990 205 1563
1570 160 1634 196 231

25 261 275 305 conformes
295 275 352 303 en
374 260 536 304 escluir
562 261 604 303 el
625 260 906 303 matrimonio
928 261 984 305 de
1005 262 1072 304 105
1093 263 1282 306 ordenes
1305 276 1469 305 sacros.
1497 263 1637 305 Estan

27 338 153 381 todos
173 350 258 379 con
279 339 441 380 mucha
468 337 758 393 expectacic'm
787 338 858 380 del
880 338 1041 393 legado
1070 352 1156 392 que
1184 340 1242 380 ha
1269 339 1326 383 de
1353 340 1567 381 succeder
1594 340 1637 381 al

27 414 209 457 defunto
236 413 263 464 ¹,
289 427 378 468 que
397 413 508 456 Dios
536 429 634 469 aya,
660 427 748 469 que
775 428 864 456 aun
892 429 950 456 no
982 428 1030 456 se
1057 415 1164 457 sabe
1195 416 1310 457 nada
1346 416 1489 458 desto.
1516 415 1563 459 Si
1586 430 1637 459 se

25 489 206 546 pudiese
228 489 381 545 copiar
398 504 487 532 una
503 491 614 533 letra
630 490 780 533 donde
798 505 845 533 se
862 489 1008 534 scriue
1024 490 1066 533 el
1082 491 1323 546 particular
1344 492 1400 535 de
1421 493 1461 534 la
1484 506 1634 536 muer—

26 573 69 610 te
90 566 160 610 del
182 565 313 608 dicho
334 567 556 619 cardenal,
582 583 631 611 se
658 567 853 610 embiara
875 581 963 609 con
991 577 1086 611 esta
1116 568 1146 609 ².
1181 569 1240 610 Es
1272 576 1495 611 menester
1524 584 1571 612 se
1593 570 1638 613 16

26 642 159 698 digan
176 643 241 685 las
258 643 416 687 missas
432 659 460 699 y
479 644 719 696 orationes⁷
741 658 872 687 como
891 659 971 700 por
987 645 1053 686 los
1072 644 1343 687 fundadores
1359 645 1585 697 defuntos3
1606 661 1636 701 y

26 722 87 763 asi
128 734 186 762 no
223 734 294 763 me
322 721 523 776 alargare
552 724 647 763 mas
674 735 731 764 en
759 727 869 764 esta.
901 722 958 764 N.
987 723 1038 763 P.
1070 736 1099 775 y
1127 721 1194 762 105
1217 721 1371 764 demas
1400 721 1531 762 todos
1553 736 1639 764 nos

25 797 393 840 encomendamos
415 799 578 839 mucho
599 811 655 840 en
677 798 743 839 las
765 797 988 841 orationes
1005 812 1034 852 y
1051 796 1293 840 sacrificios
1311 798 1366 840 (16
1385 798 1439 840 V.
1463 799 1536 849 R.,
1561 812 1633 840 53-

24 872 215 915 ludando
238 874 279 915 al
303 875 353 916 P.
380 873 620 917 Valentino
643 875 657 894 ³
682 890 710 929 y
733 875 862 916 todos
884 875 950 916 105
979 875 1051 918 (161
1073 873 1267 929 collegio
1295 875 1351 917 de
1374 873 1566 925 Vienna,
1598 874 1634 915 si

24 963 79 993 en
100 949 139 991 el
162 948 375 993 reciuiere
397 951 453 993 V.
480 951 533 992 R.
559 951 600 993 la
622 957 844 1006 presente.
870 952 939 993 De
962 952 1147 1003 Trento,
1180 965 1207 1006 9
1235 951 1291 993 de
1321 953 1474 993 Marzo
1506 951 1631 1004 1563.

766 1164 888 1203 259

459 1266 510 1306 P.
547 1265 955 1309 HIERONYMUS
986 1266 1202 1308 NADAL

518 1377 674 1412 PATRI
700 1376 904 1423 JACOBO
931 1377 1123 1412 LAINEZ

502 1480 756 1518 OENIPONTE,
783 1483 804 1518 9
830 1481 973 1507 MARTu
1001 1470 1090 1516 1563
1116 1474 1146 1508 4.

65 1566 124 1601 De
142 1567 346 1612 colloquiis
362 1578 451 1602 cum
470 1568 710 1614 imperatore
724 1580 747 1602 a
767 1567 908 1602 Natali
924 1568 1080 1602 habitis.
1096 1569 1156 1603 De
1166 1568 1414 1614 fundatione
1427 1569 1585 1615 collegii

643 1628 914 1674 oenipontani,
934 1630 1004 1662 etc.

103 1721 237 1763 Hanc
259 1723 486 1777 epistolam
509 1737 598 1764 non
621 1722 847 1765 habemus.
876 1724 965 1765 Res
993 1727 1140 1765 autem
1163 1724 1213 1765 in
1236 1724 1314 1765 illa
1330 1727 1634 1779 pertractatae

21 1801 87 1839 sat
106 1802 254 1853 aperte
277 1799 322 1840 in
346 1800 532 1854 epistola
553 1802 610 1841 26
614 1811 639 1853 5
662 1800 940 1842 indicantur.
967 1800 1092 1842 Haec
1115 1801 1175 1842 ibi
1202 1801 1323 1842 inter
1350 1801 1459 1842 alia:
1491 1802 1631 1842 «Res-

21 1875 131 1917 ciui6
154 1876 214 1917 N.
241 1877 294 1918 P.
320 1876 387 1918 las
409 1876 461 1918 de
493 1877 540 1918 V.
562 1878 619 1919 R.
641 1877 693 1918 de
708 1892 736 1932 9
752 1877 804 1919 de
826 1877 983 1930 Marco
1005 1891 1059 1919 en
1082 1881 1312 1933 respuesta
1334 1879 1386 1920 de
1408 1879 1476 1919 las
1497 1892 1634 1933 sayas

21 1951 71 1993 de
90 1953 147 1993 26
167 1952 236 1994 del
249 1953 446 2007 passado
463 1968 493 2009 y
515 1965 542 1995 2
563 1954 632 1995 del
646 1958 909 2008 presente...
939 1955 1064 1996 Hase
1091 1954 1327 1996 entendido
1355 1955 1399 1996 Za
1419 1955 1631 2009 primera

14 2027 176 2082 platica
197 2029 335 2085 larga
357 2044 439 2085 que
471 2031 517 2071 V.
546 2031 603 2072 R.
623 2032 759 2085 passo
780 2045 864 2072 con
886 2032 924 2073 el
945 2032 1293 2086 emperador...»
1320 2036 1397 2074 etc.
1428 2032 1534 2073 Vide
1556 2045 1630 2072 re-

23 2192 132 2239 epist.
158 2193 240 2241 263,
259 2207 302 2230 n.
330 2204 386 2241 10,
405 2196 471 2230 ubi
489 2201 641 2231 constat
659 2197 926 2242 theologorum
944 2198 1236 2233 dissertationes
1254 2197 1303 2232 de
1329 2199 1399 2232 hac
1418 2209 1458 2231 re
1478 2197 1631 2241 longius

23 2252 220 2297 productas
239 2253 377 2289 fuisse.

88 2313 99 2333 ¹
148 2312 342 2348 Cardinali
361 2313 511 2348 scilicet
534 2319 757 2349 mantuano.

84 2372 98 2392 ²
146 2372 255 2407 Hanc
274 2372 475 2418 epistolam
489 2373 537 2407 de
552 2379 675 2408 morte
691 2373 896 2409 cardinalis
912 2375 1108 2409 mantuani
1122 2375 1242 2409 habes
1257 2374 1295 2409 in
1311 2373 1488 2420 append„
1507 2373 1577 2409 XI.

85 2430 98 2451 ⁵
145 2431 192 2465 P.
223 2431 451 2466 Valentinus
476 2432 578 2477 Voyt
603 2431 648 2476 (P)
672 2432 721 2467 de
744 2444 819 2479 quo
845 2433 940 2467 haec
964 2432 1168 2478 SCHMIDL‚
1195 2433 1377 2467 Historia
1397 2432 1634 2478 provinciae

19 2488 238 2530 Bohemiae,
258 2490 329 2525 lib.
354 2491 406 2535 ΙΙ,
424 2503 466 2526 n.
494 2490 571 2526 183:
593 2492 706 2527 «Fuit
723 2493 776 2528 P.
810 2493 1057 2533 Valentinus,
1074 2493 1198 2526 Domo
1216 2492 1433 2538 Pragensis
1453 2517 1478 2528 ..
1498 2490 1536 2525 in
1555 2490 1628 2524 So—

20 2545 194 2583 cietatem
212 2560 233 2583 a
253 2549 294 2584 S.
321 2550 373 2584 Ρ.
397 2550 450 2585 Ν.
475 2550 636 2597 Ignatio
655 2551 707 2585 A.
733 2552 781 2587 C.
809 2551 911 2596 1553,
931 2556 970 2586 et
987 2551 1142 2598 quidem
1162 2563 1182 2585 e
1201 2551 1384 2585 Bolzenzis
1408 2549 1552 2596 primus
1571 2561 1629 2584 re-

19 2611 194 2652 ceptus.»
218 2608 263 2643 In
288 2609 464 2654 catalogo
482 2615 611 2644 autern
639 2610 824 2656 «quodam
848 2611 992 2645 Romae
1020 2612 1092 2645 sub
1128 2619 1141 2644 1
1171 2610 1399 2644 Decembris
1429 2617 1515 2653 1557
1539 2619 1629 2644 con-

18 2664 155 2711 scripto
179 2671 218 2701 et
241 2679 261 2702 a
288 2669 337 2702 P.
369 2668 544 2703 Polanco
567 2669 768 2714 recognito
796 2669 950 2705 dicitur:
973 2670 1201 2704 Valentinus
1221 2669 1402 2703 uilaticus
1421 2669 1631 2714 pragensis

19 2733 133 2759 annos
150 2730 262 2761 natus
281 2735 321 2761 21
343 2727 541 2772 ingressus
560 2734 620 2763 est
638 2728 872 2764 Societatem
890 2738 1000 2773 1555»
1016 2730 1368 2772 BRAUNSBERGER‚
1385 2729 1444 2762 loc
1473 2728 1535 2763 cit.
1555 2728 1627 2774 ΙΙΙ,

18 2779 100 2825 358.
134 2783 344 2820 Subitanea
373 2791 494 2821 morte
524 2792 722 2833 correptus
752 2794 812 2823 est
840 2789 987 2834 Pragae
1018 2799 1116 2823 anno
1151 2787 1257 2831 1564.
1294 2786 1392 2821 Vide
1423 2786 1629 2833 SCHMIDL,

17 2840 89 2876 loc.
109 2842 198 2888 cit.,
213 2856 251 2879 n.
270 2844 348 2880 182.
370 2845 485 2892 Apud
503 2846 831 2892 SOMMERVOGEL,
854 2848 1095 2893 Lesje'suites
1113 2849 1159 2883 de
1178 2849 1359 2889 Rome...‚
1379 2848 1480 2883 inter
1497 2848 1627 2894 physi-

15 2908 80 2934 cos
97 2901 201 2937 tertii
218 2903 320 2947 anni,
339 2904 377 2939 in
397 2904 510 2940 tertia
527 2905 680 2951 pagina,
699 2907 876 2941 columna
897 2915 912 2941 Ι
924 2906 955 2941 .³²
972 2906 1137 2952 catalogi
1155 2906 1302 2941 romani
1320 2912 1562 2944 recensetur·

83 2960 98 2981 ⁴
144 2961 201 2995 Ex
219 2962 381 3008 epistola
399 2962 497 2999 infra
515 2965 587 2999 sub
605 2977 646 3000 n.
672 2964 741 2999 263
758 2966 897 3011 posita,
919 2965 1018 3001 Cod.
1045 2975 1086 3011 33
1106 2967 1155 3011 c),
1176 2966 1218 3001 ff.
1244 2973 1416 3010 252-254.
