1958 3210
229 232 282 265 88·
798 225 841 258 P.
869 224 1057 258 NATALIS
1084 223 1303 258 EPHEMER.

226 331 331 387 legij
358 336 402 373 et
424 327 561 383 aliqui
583 325 755 370 reditus
785 324 938 380 empti.
973 325 1176 367 Alteram
1205 338 1331 379 spem
1360 323 1509 368 alebat
1536 321 1735 365 marchio
1766 321 1865 364 Vil-

227 409 370 451 lenae.
398 403 608 456 Visitaui,
639 409 727 446 etc.
762 400 940 444 Placuit
968 402 1089 456 quod
1117 400 1373 443 instituerat
1401 399 1663 450 Siuillanus,
1689 404 1738 440 vt
1760 412 1865 454 por->

230 483 434 526 tionistas
456 482 645 524 haberet
666 479 712 521 in
736 478 937 534 proxima
959 478 1097 520 domo
1121 478 1334 520 sacerdos
1356 476 1537 532 quidam
1561 476 1661 532 pius
1683 482 1728 518 et
1751 474 1863 517 ami-

226 575 325 613 cus,
351 558 427 614 qui
449 573 498 601 se
520 557 799 613 permitteret
823 570 847 598 a
869 561 1045 598 rectore
1062 553 1310 611 gubernari
1336 556 1364 596 ¹.

317 713 421 755 177
872 722 1145 760 cUENCHAE,
1173 710 1233 750 2.⁰

322 867 411 910 Hic
439 866 515 923 egi
543 880 647 909 cum
677 867 733 908 D.
769 865 974 919 Vergara
1003 863 1061 905 de
1090 863 1238 906 edicto
1274 862 1400 919 regio
1423 870 1484 915 et,
1516 869 1623 905 etc.:
1661 860 1869 917 probauit

233 960 383 989 meum
406 943 658 987 consilium.
688 943 793 985 Non
812 940 937 996 potui
959 940 1022 982 illi
1044 940 1304 983 satisfacere
1327 940 1373 982 in
1390 938 1636 995 suffragijs,
1655 953 1773 993 quae
1788 952 1869 994 pe-

235 1024 357 1066 tebat
377 1028 424 1063 vt
442 1021 670 1073 fundator,
689 1019 814 1075 quod
831 1025 987 1074 postea
1005 1018 1093 1062 feci
1116 1016 1360 1073 Compluti.
1383 1018 1552 1059 Actum
1570 1022 1638 1059 est
1660 1016 1716 1058 de
1737 1030 1868 1071 prae—
1901 1041 1906 1045 »

234 1098 545 1142 stimoniorum
569 1095 884 1153 applicatione.
907 1095 1138 1151 Scriptum
1155 1102 1224 1137 est
1247 1095 1303 1137 ad
1326 1095 1498 1137 vrbem.
1520 1092 1666 1136 Diuisi
1687 1099 1868 1135 nostros

234 1178 291 1219 ab
314 1175 412 1218 eius
440 1173 734 1217 habitatione.
770 1173 855 1229 Egi
888 1187 1004 1228 quae
1033 1180 1162 1217 erant
1189 1172 1369 1215 residua
1397 1173 1454 1215 de
1478 1170 1742 1214 fundatione
1763 1184 1867 1213 cum

234 1252 482 1296 Marchina:
513 1250 520 1309 Ι
549 1251 605 1294 (16
622 1251 721 1293 loco
738 1257 784 1294 et
801 1249 974 1293 ratione
992 1249 1180 1305 aedificij
1201 1248 1377 1304 collegij
1398 1255 1443 1291 et
1460 1247 1553 1300 lite,
1566 1262 1700 1302 quam
1717 1246 1867 1290 inten-

233 1331 360 1374 derat
383 1328 612 1372 Marianus
635 1327 833 1383 quidam.
856 1325 940 1369 Fui
963 1333 1181 1369 euocatus
1205 1340 1308 1369 cum
1333 1325 1634 1378 festinatione,
1655 1325 1777 1379 quod
1799 1323 1868 1365 di—

234 1408 454 1450 cebantur
478 1419 642 1461 Vrgere
665 1412 886 1460 satrapae.

327 1560 437 1603 1⁷8
884 1572 1146 1609 COMPLUTI,
1172 1561 1234 1611 4⁰

326 1716 531 1758 Aderant
554 1713 853 1771 prouinciales
877 1720 921 1757 et
944 1713 1015 1768 alij
1049 1715 1222 1756 Patres:
1261 1728 1352 1756 non
1376 1719 1562 1757 venerat
1592 1712 1872 1755 Valdaraua-

237 1807 339 1835 nus.
365 1793 469 1835 Non
497 1791 644 1833 visum
672 1797 741 1833 est
764 1791 1008 1833 mutandus
1032 1790 1268 1834 Cordeses.
1293 1789 1469 1833 Mutaui
1488 1788 1868 1840 Bustamantium,

238 1867 496 1912 renuntiaui
521 1868 718 1922 Placam‚
746 1866 1109 1910 Bustamantium
1133 1881 1289 1911 verum
1313 1867 1761 1921 superintendentem
1778 1867 1871 1909 col—

238 1945 343 2001 legij
375 1943 664 2000 hispalensis:
695 1943 771 2000 egi
798 1944 854 1987 de
883 1944 1018 1986 rebus
1049 1943 1225 1986 illarum
1254 1942 1610 1999 prouinciarum:
1644 1942 1870 1998 respondi:

238 2022 341 2066 dedi
362 2021 602 2064 iudicanda
623 2028 668 2064 et
690 2020 1043 2076 prouincialibus
1066 2027 1111 2064 et
1134 2020 1329 2063 Araozio
1348 2028 1393 2063 et
1411 2019 1738 2071 Bustamantio‚
1759 2034 1876 2074 quae

241 2100 285 2142 in
311 2097 591 2154 Portugallia
618 2097 624 2155 Ι
653 2098 972 2153 responderam
997 2099 1027 2139 ².

330 2177 640 2218 Euocaueram
664 2189 720 2217 ex
744 2174 1025 2230 Portugallia
1054 2176 1107 2217 P.
1139 2174 1388 2227 Godinum,
1413 2188 1492 2229 per
1521 2188 1654 2229 quem
1684 2174 1877 2216 facerem

244 2256 295 2295 P.
331 2254 533 2308 Laynem
561 2251 799 2295 certiorem
835 2252 890 2294 de
919 2266 1069 2295 rerum
1104 2258 1361 2294 nostrarum
1390 2250 1466 2293 illo
1497 2250 1697 2303 turbine;
1730 2264 1879 2305 neque

240 2329 359 2372 enim
377 2329 563 2372 fiderem
578 2328 706 2372 aliter
725 2335 823 2370 tuto
842 2328 993 2370 literas
1012 2327 1204 2371 mittere.
1225 2329 1356 2382 Quae
1376 2342 1466 2370 non
1484 2327 1666 2383 proprie
1684 2328 1740 2369 ad
1756 2326 1877 2369 illam
1908 2337 1914 2345 ’

240 2405 522 2462 prouinciam
546 2405 816 2456 attinebant,
843 2419 998 2448 eorum
1017 2404 1120 2447 dedi
1143 2403 1496 2460 prouincialibus
1513 2405 1784 2460 exemplum.

331 2482 502 2538 Scripsi
535 2495 800 2525 communes
842 2481 992 2524 literas
1027 2482 1083 2523 ad
1115 2480 1321 2536 collegia.
1356 2482 1422 2523 Ita
1455 2480 1602 2523 dimisi
1636 2482 1751 2523 duos
1779 2480 1878 2522 illos

243 2558 557 2615 prouincialeS‚
578 2572 634 2601 ex
652 2558 816 2614 quibus
834 2557 988 2601 audiui
1007 2558 1115 2613 quid
1131 2556 1218 2617 [de]
1236 2558 1333 2613 alijs
1349 2557 1702 2613 prouincialibus
1720 2572 1879 2601 crean—

242 2636 312 2678 dis
336 2643 380 2679 et
403 2634 713 2679 commissario
737 2634 1004 2678 iudicarent.

333 2714 507 2755 Rursus
528 2712 668 2766 volui,
693 2711 869 2755 etiamsi
892 2726 1146 2768 repugnare
1176 2712 1406 2756 videretur
1436 2711 1674 2764 Araozius,
1699 2711 1883 2754 visitare

242 2789 437 2844 collegia
455 2789 680 2832 Castellae
703 2788 884 2831 veteris.
906 2788 1028 2831 Duxi
1051 2803 1227 2832 mecum
1249 2791 1299 2832 P.
1324 2789 1530 2841 Suarem,
1551 2803 1686 2844 quern
1705 2787 1883 2844 cogita—

242 2868 347 2908 bam
374 2864 635 2908 renuntiare
659 2864 1004 2920 prouincialem,
1031 2873 1118 2908 etc.

318 2972 328 2992 ¹
383 2971 642 3017 SACCHiNus‚
664 2973 737 3006 loc.
758 2973 842 3017 cit.⁷
863 2985 900 3006 n.
922 2982 980 3016 49.

316 3033 330 3051 ²
383 3030 644 3077 SACCHINUS,
665 3032 740 3065 loc.
767 3031 858 3076 eit„
880 3043 916 3065 n.
938 3039 995 3074 50·
