1958 3210
222 160 290 207 585
852 157 990 194 EPIST.
1020 158 1061 195 P.
1091 157 1239 194 NADAL

222 263 476 319 augebatur
504 259 688 304 deuotio
717 259 918 302 fidelium
957 261 1014 302 ad
1050 259 1307 304 venerabile
1343 267 1674 304 sacramentum
1712 259 1854 303 colla-

222 337 348 378 psam
379 329 422 364 et
452 335 531 377 per
559 319 811 362 haereticos
840 327 1039 374 tempore
1067 319 1189 375 regis
1218 319 1425 362 Edwardi
1453 320 1693 372 sublatam,
1723 319 1855 363 resti-

223 382 379 425 tuebat
402 386 447 424 et
470 379 649 435 scriptis
678 379 988 433 confirmabat,
1019 379 1065 420 in
1094 378 1258 433 quibus
1287 394 1358 422 me
1390 379 1500 421 nihil
1529 380 1616 422 tale
1646 379 1853 435 cogitan-

223 449 312 482 tem
347 439 549 483 eiusdem
580 437 872 480 fraternitatis
907 438 1231 493 vicepresidem
1270 439 1544 481 nominabat.
1577 440 1673 482 Nec
1710 439 1852 481 multo

223 506 340 555 post,
360 506 539 540 mortuo
557 496 755 553 episcopi
772 497 1048 539 londinensis
1071 499 1373 553 suffraganeo,
1399 505 1652 540 conuentus
1669 497 1850 552 quidam

223 559 511 601 sacerdotum
535 559 724 600 honeste
748 570 798 598 ac
821 556 893 612 pie
915 557 961 598 in
983 558 1115 599 domo
1139 558 1331 611 quadam
1354 557 1539 599 seorsim
1558 572 1582 599 a
1600 564 1732 601 coetu
1750 571 1851 600 sae—

224 617 444 660 cularium
468 616 722 660 viuentium
744 631 816 658 me
838 617 1052 671 petebant
1080 616 1127 657 in
1156 631 1288 658 suum
1317 616 1582 671 praesidem,
1623 631 1736 671 quos
1764 630 1852 672 ego

224 678 280 720 ad
319 684 497 733 tempus
534 675 716 730 aliquod
753 677 968 731 regebam
1006 676 1255 719 secundum
1284 677 1466 732 regulas
1503 675 1704 719 eiusdem
1742 689 1853 718 con—

222 743 405 789 uentus;
430 737 680 779 vocabatur
703 742 853 777 autem
877 750 1033 778 mensa
1049 736 1207 792 Jhesu.
1229 736 1367 778 Hunc
1383 735 1429 777 in
1446 736 1630 778 modum
1648 749 1696 778 se
1713 734 1855 790 primo

222 796 451 840 habebant
474 809 546 838 res
568 809 709 847 meae3
735 794 815 836 sed
839 796 1019 837 tandem
1044 794 1255 837 omnibus
1276 794 1373 837 istis
1396 803 1577 847 exutus,
1603 795 1714 850 fuga
1734 793 1855 838 vitae

224 856 461 899 consulere
484 855 682 910 cogebar
705 867 782 909 per
805 853 910 898 fidei
941 854 1189 896 catholicae
1217 856 1387 906 hostes,
1420 868 1522 896 cum
1552 854 1716 909 quibus
1744 853 1853 895 mihi

223 916 280 957 ab
303 914 490 958 ineunte
512 921 660 957 aetate
683 928 860 968 semper
882 928 1037 969 pugna
1060 913 1214 969 grauis
1237 913 1336 966 fuit3
1361 913 1563 968 nihilque
1591 913 1679 956 iam
1709 912 1855 968 magis

223 975 269 1017 in
309 974 425 1017 votis
462 973 626 1026 habeo,
667 987 801 1028 quam
839 980 888 1015 vt
925 973 970 1015 in
1008 973 1167 1016 eodem
1197 972 1342 1015 stadio
1370 972 1489 1017 vitae
1515 972 1650 1016 huius
1672 987 1855 1015 cursum

224 1034 475 1085 absoluam,
502 1033 637 1075 modo
659 1032 721 1074 ita
743 1031 852 1075 velit
874 1033 1015 1076 Deus.
1043 1032 1128 1074 His
1151 1032 1212 1074 ita
1235 1031 1391 1087 gestis,
1418 1032 1495 1087 qui
1517 1047 1588 1074 me
1611 1032 1733 1088 prius
1750 1046 1854 1087 pro-

225 1100 431 1136 mouerat
454 1093 510 1135 ad
541 1091 867 1135 fraternitatem
897 1091 1091 1134 nominis
1114 1093 1272 1148 JheSU‚
1298 1093 1439 1144 Deus,
1466 1091 1633 1147 quique
1656 1092 1855 1134 secundo

226 1154 283 1196 ad
306 1167 508 1197 mensam
532 1151 726 1194 nominis
750 1153 892 1208 jhesu
921 1151 1150 1203 inuitarat,
1186 1150 1317 1193 tertio
1346 1165 1529 1206 quoque
1556 1151 1600 1192 in
1630 1150 1855 1195 Societate

225 1213 312 1255 ista
335 1211 530 1255 nominis
546 1213 689 1268 Jhesu
712 1210 971 1253 collocauit.
998 1210 1124 1253 Fecit
1146 1210 1254 1252 mihi
1277 1225 1443 1266 magna
1473 1210 1550 1265 qui
1579 1218 1737 1266 potens
1768 1217 1853 1263 est,

226 1279 271 1315 et
296 1279 502 1315 sanctum
526 1285 692 1314 nomen
715 1270 839 1312 Eius.
867 1271 908 1312 8.
935 1272 1166 1321 Decernat
1186 1271 1242 1314 de
1264 1285 1335 1313 me
1365 1270 1471 1325 quid
1499 1269 1607 1312 velit
1635 1269 1679 1311 in
1712 1269 1858 1312 omni—

208 1332 316 1374 'bus
340 1338 496 1374 sancta
518 1330 604 1373 ista
626 1329 845 1374 Societas.
874 1331 1017 1372 Mater
1039 1344 1138 1372 mea
1161 1336 1244 1373 est:
1270 1329 1412 1372 filium
1429 1337 1477 1371 vt
1495 1344 1626 1388 spero
1643 1328 1859 1372 obedien-

229 1398 319 1435 tem
344 1398 389 1435 et
411 1390 457 1432 in
481 1390 690 1433 omnibus
712 1388 994 1445 resignatum
1018 1389 1064 1431 in
1086 1389 1264 1445 magnis
1293 1403 1436 1444 aeque
1464 1396 1600 1444 atque
1632 1388 1678 1430 in
1709 1388 1861 1444 paruis

229 1466 302 1494 me
326 1449 601 1505 experietur.
630 1450 729 1505 Ego
753 1448 981 1504 proposui,
1007 1448 1230 1491 Dominus
1251 1448 1468 1504 perficiet.
1502 1464 1545 1505 9.
1579 1448 1730 1491 Primo
1755 1447 1858 1503 Maij

229 1525 348 1553 anno
371 1509 554 1553 Domini
583 1510 693 1564 1563
726 1510 927 1552 Rhomae
957 1508 1020 1550 fui
1049 1515 1258 1563 receptus
1287 1507 1332 1549 in
1361 1508 1649 1559 Societatem,
1682 1514 1728 1551 et
1754 1522 1862 1550 exa—

230 1570 443 1612 minatus.
493 1582 559 1612 Io.
601 1570 668 1611 Ex
708 1583 795 1623 quo
833 1568 1066 1623 ingressus
1105 1582 1205 1610 sum
1245 1567 1516 1611 Societatem
1545 1567 1653 1609 nihil
1692 1568 1748 1609 de
1775 1569 1860 1610 hac

230 1628 547 1672 distributione
570 1627 678 1670 mihi
701 1627 872 1670 dictum
895 1627 995 1670 fuit,
1029 1640 1092 1670 11.
1116 1628 1227 1671 Sum
1246 1628 1470 1671 sacerdos.
1498 1639 1563 1669 12.
1587 1629 1697 1670 Post
1714 1641 1859 1670 meam

230 1689 275 1731 in
298 1691 414 1731 hanc
437 1688 711 1733 Societatem
741 1687 1059 1731 admissionem
1097 1686 1312 1729 continuo
1349 1687 1422 1729 hic
1460 1688 1659 1729 Rhornae
1697 1686 1855 1737 mansi,

231 1749 316 1791 nisi
339 1763 440 1791 cum
467 1749 680 1792 Loretum
699 1746 1078 1803 peregrinationis
1096 1761 1232 1789 causa
1249 1746 1445 1798 visitaui,
1468 1761 1557 1801 quo
1576 1753 1776 1801 tempore
1794 1746 1858 1788 fui

231 1808 276 1850 in
299 1807 491 1863 collegio
513 1808 747 1850 lauretano
770 1815 814 1850 et
843 1806 1154 1850 maceratensi.
1193 1819 1258 1860 13.
1292 1807 1493 1849 Rhomae
1523 1805 1570 1848 in
1597 1806 1730 1848 domo
1769 1807 1858 1848 Pa-

233 1876 352 1910 trum
389 1867 544 1923 peregi
581 1866 724 1923 prima
760 1866 834 1908 illa
870 1866 1136 1908 humilitatis
1177 1865 1406 1918 exercitia,
1452 1880 1568 1919 quae
1609 1865 1668 1920 hij
1715 1865 1861 1908 facere

232 1928 394 1979 solent,
426 1926 503 1982 qui
534 1925 580 1968 in
609 1925 872 1982 probatione
901 1932 1022 1968 sunt.
1057 1928 1296 1969 Praeterea
1323 1940 1433 1968 vero
1462 1924 1507 1966 in
1536 1924 1727 1980 collegio
1755 1926 1861 1966 rho-

231 2001 365 2030 mano
393 1985 605 2029 exercitia
643 1985 891 2040 spiritualia
928 1985 1037 2027 mihi
1075 1986 1297 2027 dabantur
1342 1997 1391 2039 17
1430 1984 1708 2039 Septembris
1745 1998 1862 2026 anno

231 2045 413 2090 Domini
442 2046 568 2100 15633
596 2045 759 2100 quibus
787 2044 942 2097 finitis,
974 2044 1248 2100 pauperibus
1279 2044 1324 2086 in
1361 2043 1642 2088 xenodochio
1672 2059 1750 2099 per
1781 2043 1857 2086 ali-

232 2113 342 2162 quot
365 2105 461 2148 dies
484 2104 800 2148 inse1uiebam.
830 2106 931 2147 Hoc
954 2119 1072 2146 anno
1095 2104 1214 2146 ibam
1244 2105 1458 2147 Loretum
1487 2102 1863 2159 peregrinationis
1888 2111 1892 2116 ’

232 2181 382 2209 causa
395 2164 715 2208 Confessiones
733 2178 913 2220 quoque
931 2165 1226 2218 quorumdam
1247 2165 1483 2219 anglorum
1502 2170 1547 2207 et
1564 2162 1770 2215 aliorum,
1786 2161 1863 2218 qui

231 2225 369 2269 latine
391 2223 596 2268 confiteri
620 2231 843 2280 poterant,
870 2223 1039 2266 audiui.
1073 2236 1138 2277 14.
1165 2225 1214 2266 In
1251 2223 1336 2275 his,
1363 2237 1480 2278 quae
1515 2222 1623 2264 mihi
1660 2223 1716 2265 ab
1753 2223 1862 2264 obe-

232 2284 399 2327 dientia
437 2283 639 2326 iniuncta
676 2284 870 2335 fuerant,
916 2290 1124 2327 versatus
1166 2298 1281 2335 sum;
1323 2297 1456 2337 quam
1486 2282 1702 2325 foeliciter
1734 2281 1862 2324 nouit

232 2346 373 2397 Deus3
400 2358 487 2400 ego
508 2358 668 2388 vereor
690 2342 842 2385 omnia
865 2358 1002 2398 opera
1024 2357 1138 2385 mea.
1170 2353 1235 2396 15.
1262 2341 1583 2386 Decimatertia
1612 2341 1715 2395 Maij
1741 2355 1860 2383 anno

233 2403 415 2447 Domini
445 2404 553 2457 1563
584 2402 710 2447 emisi
739 2409 917 2455 votum,
950 2403 1200 2446 secundum
1230 2401 1574 2444 constitutiones
1603 2400 1855 2445 Societatis.

238 2464 304 2507 16.
326 2464 486 2507 Libros
503 2464 669 2505 multos
687 2470 731 2505 et
749 2476 840 2504 non
858 2462 1229 2513 contemnendos,
1243 2469 1393 2505 Vestes
1409 2475 1604 2516 quoque,
1621 2475 1736 2516 quae
1751 2467 1860 2502 tunc

233 2523 370 2566 statui
394 2538 495 2566 meo
519 2523 852 2578 competebant,
877 2529 921 2563 et
945 2522 1029 2564 alia
1052 2521 1097 2563 in
1120 2521 1289 2577 Anglia
1311 2536 1451 2577 penes
1473 2520 1679 2563 diuersos
1708 2526 1860 2562 custo-

233 2582 396 2626 dienda
419 2582 594 2637 reliqui:
621 2596 724 2624 nam
749 2580 961 2636 iniquitas
990 2588 1242 2636 temporum
1272 2596 1362 2623 non
1392 2580 1678 2636 permittebat
1708 2594 1779 2622 me
1807 2579 1862 2621 de

231 2642 343 2685 meis
366 2642 604 2708 disponere
622 2648 754 2697 prout
771 2656 799 2682 v
803 2641 979 2684 olebam
999 2655 1050 2683 ac
1068 2640 1255 2696 proinde
1276 2639 1492 2683 faciebam
1510 2639 1627 2683 sicut
1644 2646 1860 2694 poteram.

232 2702 393 2745 Libros
415 2700 689 2757 cognatione
711 2700 821 2742 mihi
849 2700 1119 2743 coniunctae
1146 2701 1226 2742 sed
1255 2699 1518 2743 haeresibus
1547 2699 1740 2742 infectae
1768 2713 1865 2741 ma-

233 2768 390 2805 tronae
413 2761 799 2811 commendabam,
826 2774 916 2801 non
940 2760 1084 2802 solum
1108 2759 1213 2814 quia
1235 2773 1306 2801 me
1327 2758 1459 2802 vnice
1482 2759 1661 2801 amabat
1683 2765 1728 2802 et
1755 2756 1864 2800 mihi

230 2820 444 2864 benefitia
465 2821 608 2863 multa
630 2819 928 2876 praestiterat,
954 2819 1059 2863 licet
1075 2818 1304 2862 haeretica
1321 2825 1439 2862 esset
1457 2816 1655 2874 supremi
1674 2818 1858 2873 gradus,

231 2881 312 2923 sed
348 2880 453 2935 quia
490 2880 609 2935 apud
646 2879 765 2921 illam
804 2878 1040 2922 haereticis
1078 2885 1230 2921 notam
1268 2886 1313 2922 et
1350 2877 1436 2920 illis
1469 2879 1649 2920 charam
1686 2875 1862 2919 latitare

232 2940 431 2996 potuisse
452 2939 738 2992 videbantur,
765 2945 810 2982 et
831 2937 1025 2981 maxime
1049 2936 1094 2980 in
1118 2945 1216 2980 tuto
1238 2952 1351 2981 esse.
1379 2936 1566 2992 Louanij
1587 2950 1767 2992 quoque
1783 2934 1859 2977 vbi
