1958 3210
629 154 673 190 27
701 145 964 180 SEPTEMBms
993 143 1083 189 1564
1597 153 1662 189 521

39 249 216 292 fic'ulter
246 247 475 304 Tyrnauia
502 245 730 303 permittit.
767 246 884 288 Tum
913 244 1014 287 libri
1042 245 1103 287 ibi
1137 237 1317 289 desunt}
1350 253 1484 302 urget
1516 253 1667 290 tamen

40 327 195 370 Rmus.
228 331 274 368 et
301 323 477 367 ciuitas.
511 325 608 367 Nec
636 330 705 366 est
732 322 966 365 immemor
989 324 1146 365 Rmus.
1172 323 1496 378 promissionis,
1528 338 1664 378 quam

33 408 142 445 ante
163 400 395 445 biennium
420 399 594 442 romani
616 401 776 442 Patres
798 398 860 441 illi
882 413 961 454 per
983 398 1154 442 litteras
1172 400 1390 443 fecerunt.
1418 401 1532 443 Nam
1551 400 1662 443 scri-

39 484 226 535 pserunt
248 492 318 520 me
346 491 435 519 non
464 477 651 525 debere,
682 475 779 518 sine
810 475 1042 519 uoluntate
1071 475 1186 518 Rmi.
1214 476 1485 531 Tyrnauiae,
1516 477 1662 520 disce·

38 557 157 598 dere.
179 554 310 597 Vnde
333 553 534 609 proxime
556 551 665 594 mihi
687 550 814 593 dixit:
845 552 964 594 «Vos
985 551 1120 594 uultis
1138 551 1324 594 nimium
1342 553 1506 609 rogari:
1528 554 1662 598 debe-

38 631 145 676 retis
171 630 281 673 mihi
313 629 506 684 aliquem
544 627 811 682 obsequium
848 634 1097 683 praestare:
1138 628 1220 671 soli
1249 628 1465 673 uidemini
1487 644 1659 685 sapere:

38 714 212 764 oportet
234 705 280 748 in
303 707 438 750 rebus
455 704 644 761 agendis
662 703 849 746 aliorum
867 703 1002 746 etiam
1020 705 1205 747 consilio
1226 705 1288 747 uti
1299 721 1334 747 »z
1356 720 1493 762 aegre
1511 708 1663 750 ferunt

37 783 235 842 promitti
254 782 299 826 et
322 797 413 825 non
434 780 668 838 praestari.

124 874 166 915 4.
232 859 317 903 Fui
339 859 444 902 inde
472 858 636 900 missus
666 857 725 922 ad
752 856 837 899 alia
865 857 963 899 loca
992 856 1036 898 in
1066 865 1245 912 pascate
1277 860 1332 900 ad
1355 860 1596 904 conciones
1616 868 1661 903 et

36 937 343 982 confessiones
365 935 434 978 bis
462 938 548 978 hoc
577 949 709 977 anno.
739 935 849 976 Item
878 948 980 976 cum
1004 941 1129 989 patre
1159 936 1343 978 Vrbano
1373 937 1657 981 Passauium.

36 1015 121 1072 Egi
149 1015 365 1057 lectorem
393 1012 641 1067 scripturae
669 1011 714 1052 in
743 1009 1059 1063 Vniuersitate,
1091 1011 1164 1053 cui
1192 1012 1373 1055 lectioni
1402 1014 1662 1069 frequenter

34 1075 219 1135 nuntius
235 1096 426 1134 venetus
442 1088 660 1133 interfuit.
682 1089 783 1145 Jam
806 1102 916 1130 uero
939 1094 984 1130 et
1005 1088 1216 1131 lectorem
1235 1096 1280 1131 et
1297 1090 1660 1134 concionatorem

35 1167 212 1225 cbllegii
227 1182 328 1223 ago.
347 1168 395 1209 In
412 1165 614 1222 proximo
630 1164 790 1207 itinere
806 1163 923 1206 intra
937 1172 1114 1207 montes
1126 1166 1324 1208 Danubii
1339 1167 1535 1209 occurrit
1552 1168 1659 1210 mihi

33 1237 285 1290 haereticus
297 1243 478 1299 quidam
493 1256 646 1285 secum
661 1242 806 1284 ferens
820 1247 1138 1284 testamentum
1151 1256 1381 1297 graecum,
1403 1244 1478 1298 qui
1495 1245 1654 1300 primo,

31 1337 113 1366 cur
131 1321 331 1378 gladium
355 1335 445 1363 non
469 1326 709 1375 gestarem,
735 1317 898 1361 deinde
915 1332 995 1360 cur
1016 1333 1198 1361 uxorem
1217 1334 1306 1361 non
1324 1322 1535 1364 ducerem
1554 1337 1658 1377 pro-

33 1399 195 1456 posuit:
216 1397 333 1440 illusi
351 1396 593 1446 homjnem:
620 1394 749 1450 «quia
767 1409 857 1436 non
876 1409 1058 1449 possum
1076 1409 1147 1437 me
1165 1410 1351 1439 onerare
1368 1397 1412 1438 in
1432 1398 1521 1440 uia:
1543 1406 1603 1451 et,
1621 1399 1659 1441 si

32 1476 131 1532 quis
149 1474 342 1518 uoluerit
359 1488 429 1516 me
447 1479 698 1529 percutere,
714 1470 912 1514 exibebit
929 1471 1176 1527 gladium.»
1192 1474 1260 1515 De
1280 1475 1346 1515 2.⁰
1365 1490 1419 1517 ex
1438 1475 1659 1531 scriptura

33 1553 122 1596 dixi
144 1552 304 1596 melius
326 1565 424 1593 esse
447 1550 483 1592 si
512 1549 575 1592 sic
598 1562 900 1605 permansero.
922 1549 1014 1599 Ille,
1040 1548 1229 1591 «missus
1246 1565 1346 1592 sum
1356 1570 1392 1602 n,
1418 1551 1577 1607 inquit,
1609 1567 1658 1594 «a

33 1629 202 1687 Spiritu
230 1630 398 1673 Sancto
427 1634 477 1669 ut
506 1634 549 1669 te
586 1632 864 1669 conuertam.
907 1626 1038 1677 Nam,
1080 1640 1183 1667 curn
1213 1626 1274 1668 sis
1303 1628 1484 1678 doctus,
1519 1630 1658 1671 multa

31 1708 149 1751 bona
169 1707 213 1748 in
237 1705 425 1750 ecclesia
444 1705 592 1746 facere
609 1702 792 1758 poteris,
814 1709 858 1745 et
876 1709 1051 1757 oportet
1070 1710 1113 1745 te
1131 1703 1384 1758 relinquere
1403 1705 1654 1748 ordinem».

32 1784 117 1828 Cui
146 1799 232 1840 ego
262 1797 364 1825 cum
393 1780 664 1824 inebriatum
693 1779 893 1822 uiderem
930 1779 1035 1821 hinc
1064 1779 1168 1822 inde
1197 1780 1506 1833 uacillantem,
1543 1797 1657 1824 «non

31 1861 203 1905 habitat
226 1859 419 1916 Spiritus
437 1860 631 1902 Sanctus
655 1856 700 1898 in
723 1849 1077 1909 ebriis'».—«At,
1103 1856 1263 1911 inquit,
1285 1857 1490 1913 discipuli
1509 1866 1658 1902 musto

32 1938 150 1996 pleni
173 1944 344 1989 erant»;
370 1943 415 1979 et
438 1935 541 1990 quia
564 1934 692 1989 pluit,
718 1940 763 1976 et
787 1932 859 1975 uia
886 1932 1057 1975 lubrica
1085 1941 1202 1985 erat,
1235 1934 1397 1977 cecidit
1425 1935 1469 1976 in
1492 1936 1655 1988 lutum,

31 2031 113 2059 nos
141 2029 359 2058 accusans
387 2013 492 2068 quia
520 2010 799 2053 orauerimus
828 2017 984 2052 contra
1013 2010 1175 2065 ipsum.
1207 2011 1373 2053 Iterum
1404 2012 1659 2066 assequitur

30 2092 366 2149 praecedentes,
386 2097 430 2132 et
454 2089 529 2131 ait:
560 2089 685 2143 «Ego
708 2101 790 2142 pro
814 2086 1110 2130 conuersione
1132 2088 1199 2129 lac
1218 2086 1299 2129 tibi
1317 2103 1532 2143 propono,
1554 2091 1658 2131 nolo

31 2169 147 2213 enim
185 2167 416 2211 altioribus
455 2173 603 2208 tecum
636 2179 818 2220 agere».
834 2164 1029 2205 —«Nolo
1066 2163 1266 2217 inquam,
1309 2172 1386 2205 tuo
1424 2165 1539 2209 lacte
1572 2181 1656 2209 nec

31 2245 231 2288 scientia:
258 2259 347 2286 non
371 2250 547 2298 oportet
570 2241 786 2296 magistro
811 2239 874 2282 uti
898 2255 976 2295 pro
1005 2240 1269 2295 discipulo».
1308 2242 1469 2284 Adfert
1493 2244 1656 2285 multas

29 2321 132 2365 inde
154 2321 397 2377 scripturas
420 2327 670 2370 truncatas3
697 2332 808 2372 quas
831 2316 1008 2372 integre
1031 2317 1247 2379 recitans„
1271 2317 1485 2372 ineptiam
1509 2320 1654 2361 homi—

29 2399 98 2442 nis
120 2397 402 2454 reprehendi.
430 2399 603 2439 Interea
627 2401 868 2450 tempestas
892 2394 1048 2445 oritur,
1075 2394 1271 2436 tonitrua
1294 2395 1553 2437 audiuntur:
1582 2396 1653 2439 ille

30 2475 188 2531 inquit:
219 2474 391 2518 «Video
416 2482 458 2516 te
481 2471 771 2515 obstinatum:
798 2472 943 2513 habeo
966 2477 1233 2526 potestatem
1257 2472 1475 2514 euocandi
1500 2471 1652 2527 ignem

30 2554 85 2596 de
106 2553 244 2604 caelo,
271 2551 346 2606 qui
370 2558 414 2594 te
436 2550 642 2592 absumat
653 2549 826 2590 ».—«O
850 2547 1077 2590 miserum!
1105 2562 1208 2589 curn
1231 2547 1291 2589 sis
1312 2547 1567 2591 uinolentus
1587 2551 1653 2592 fa—

30 2637 100 2673 cta
122 2636 379 2673 sanctorum
404 2627 482 2669 tibi
505 2625 704 2668 ascribis:
730 2631 914 2680 paratus
936 2640 1034 2667 sum
1058 2624 1149 2680 pati
1172 2624 1208 2666 si
1230 2624 1397 2679 poteris
1415 2627 1500 2667 hoc
1522 2641 1654 2681 prae-

30 2715 161 2751 stare.
175 2727 191 2746 υ
218 2707 419 2749 Tandem
442 2704 583 2745 multa
604 2701 802 2745 conuitia
824 2701 867 2743 in
891 2716 1051 2757 papam
1070 2700 1275 2743 coniecit.
1302 2701 1428 2752 «His,
1449 2701 1648 2757 inquam,

30 2793 161 2840 putas
196 2791 239 2826 te
267 2782 430 2825 uicisse
458 2787 615 2823 contra
643 2777 977 2834 euangelium».
1011 2779 1140 2820 Tunc
1170 2778 1396 2829 VrbanUS‚
1429 2780 1540 2821 haec
1570 2794 1650 2821 au—

31 2861 171 2913 diens,
203 2874 420 2903 accensus
449 2858 525 2900 ait:
562 2856 754 2912 «Impius
782 2869 852 2906 es,
884 2855 1086 2907 discede;
1119 2868 1175 2896 ne
1204 2862 1248 2896 et
1276 2869 1358 2896 nos
1389 2862 1537 2897 tecum
1568 2857 1652 2898 hac

32 2944 296 2994 tempestate
319 2949 567 2992 pereamus.
582 2952 597 2972 ›>
624 2935 902 2987 Frequenter
921 2938 1068 2973 tamen
1093 2930 1302 2973 conuitiis
1324 2945 1406 2974 nos
1430 2938 1474 2975 et
1491 2946 1652 2988 papam
