1958 3210
1419 196 1433 214 Ο

267 220 335 266 528
620 272 624 276 ,
877 220 1013 255 EPIST.
1043 219 1086 253 P.
1115 219 1266 255 NADAL

266 330 331 365 ter
363 320 550 363 infirmis
584 320 935 364 morientibus...
968 321 1033 363 18.
1073 320 1223 364 Prima
1245 335 1327 364 sua
1359 329 1465 365 vota
1497 322 1603 366 fecit
1635 325 1897 380 ingolstadii

262 380 308 422 in
338 381 454 423 festo
494 379 827 423 Purificationis
866 379 1050 431 Mariae,
1090 394 1208 422 anno
1257 390 1417 435 1557...
1467 381 1618 424 Primo
1655 390 1896 438 antequam

260 446 379 482 esset
403 438 641 482 Societatis
663 453 781 482 anno
805 450 912 494 1555
944 446 1176 494 promotus
1198 445 1267 482 est
1297 439 1342 481 in
1366 441 1708 485 baccalaureum
1733 443 1895 486 artium

260 498 462 541 Viennae
491 497 719 541 Austriae.
762 497 830 541 2.⁰
868 506 1100 554 promotus
1142 505 1211 541 est
1248 498 1293 540 in
1330 499 1595 555 magistrum
1632 500 1810 554 artium,
1845 510 1897 545 ut

258 564 386 613 puto,
407 571 525 599 anno
564 558 668 611 1561
697 559 882 610 Romae,
919 564 964 601 et
995 571 1113 600 anno
1146 558 1255 611 1563
1293 557 1339 600 in
1372 559 1602 602 doctorem
1641 561 1895 617 theologiae

259 616 480 659 ibidem...
515 617 698 672 Septem
733 617 862 659 annis
889 623 967 660 aut
1002 615 1193 672 amplius
1220 618 1276 659 ab
1299 616 1486 661 ineunte
1514 625 1662 662 aetate
1695 619 1895 664 visitavit

259 676 402 718 scolas
431 675 622 731 patriae,
656 675 731 718 ubi
766 675 1047 731 potissimum
1082 690 1263 731 operam
1286 676 1424 729 dedit,
1445 683 1496 719 ut
1528 677 1663 721 sciret
1694 679 1892 725 scribere

259 734 555 786 bohemicae,
601 741 646 777 et
680 734 1007 779 arithmeticam
1050 743 1095 779 et
1136 735 1270 777 simul
1312 735 1530 791 principia
1570 738 1893 792 grammaticae

257 793 441 849 linguae
463 793 628 837 latinae
651 794 925 837 addiscebat.
950 796 1059 837 Post
1092 793 1314 838 Viennam
1337 794 1516 847 missus,
1536 810 1616 851 per
1649 797 1891 851 quadrien-

255 853 379 895 nium
413 853 756 896 humanioribus
788 853 949 905 literis,
990 853 1315 909 philosophiae,
1353 854 1681 898 mathematicis
1710 871 1891 912 operam

254 912 394 965 dedit,
427 912 586 955 ultimo
622 914 794 956 Romae
825 927 1008 955 cursum
1043 912 1352 968 philosophiae
1380 920 1425 956 et
1455 914 1708 970 theologiae
1741 917 1891 959 absol—

253 972 372 1015 vit...
404 973 453 1014 In
477 972 719 1024 Societate,
741 987 844 1015 cum
878 972 1154 1027 pervenisset
1188 972 1529 1028 ingolstadium‚
1555 988 1635 1029 per
1665 985 1689 1027 7
1713 990 1892 1018 menses

253 1031 406 1074 docuit
436 1031 647 1087 epistolas
666 1031 917 1084 Ciceronis,
943 1031 1282 1087 grammaticam
1305 1032 1614 1088 Despauterrii
1648 1040 1693 1077 et
1715 1034 1889 1090 copiam

252 1092 493 1134 verborum
521 1093 572 1134 Ρ.
609 1091 772 1147 Frusij:
810 1093 980 1134 Romae
1010 1106 1090 1147 per
1122 1090 1354 1135 biennium
1378 1091 1490 1147 legit
1511 1091 1770 1147 disciplinas
1792 1109 1888 1136 ma—

252 1203 384 1238 tando.
411 1202 625 1249 Siquando,
645 1208 799 1249 praeter
818 1215 982 1250 examen
1008 1214 1229 1248 commune,
1249 1202 1333 1238 sive
1352 1202 1593 1249 hispanicum
1613 1205 1661 1248 (Ι,
1686 1203 1784 1250 789),
1804 1205 1889 1241 sive

251 1250 414 1285 latinum
433 1251 479 1293 (Ι,
500 1254 600 1296 792),
620 1251 870 1286 exhibebitur
888 1262 1052 1286 examen
1071 1251 1395 1286 scholasticorum
1415 1252 1462 1296 (I,
1482 1250 1581 1296 793),
1598 1252 1659 1286 vel
1675 1254 1891 1298 magistro-

250 1311 343 1333 rum
362 1299 410 1343 (I,
430 1302 529 1343 794);
550 1298 589 1333 id
607 1297 841 1333 indicabitur
860 1299 898 1333 in
918 1298 1078 1333 exordio
1095 1299 1232 1333 horum
1251 1298 1472 1333 examinum
1491 1299 1598 1333 hisce
1617 1299 1732 1334 notis:
1749 1300 1887 1347 [Sclz.],

251 1346 409 1393 [Mag.].
432 1347 490 1381 Ne
509 1352 639 1380 autem
667 1348 790 1381 lector
814 1347 979 1392 primum
1004 1347 1188 1380 volumen
1213 1345 1319 1381 adire
1343 1351 1521 1391 cogatur,
1542 1351 1583 1380 ut
1608 1346 1738 1381 videat
1757 1348 1797 1382 in
1815 1348 1888 1383 for-

251 1395 365 1429 mulis
388 1394 610 1428 examinum
634 1393 775 1440 quibus
800 1393 1170 1439 interrogationibus
1192 1392 1336 1440 singuli
1360 1394 1513 1429 numeri
1536 1394 1810 1440 respondeant,
1838 1408 1887 1432 en

249 1442 399 1477 illarum
417 1441 741 1488 (frequentiorum
761 1443 914 1486 saltem)
932 1441 1219 1488 compendium:

262 1575 264 1591 ³
378 1596 596 1625 NUMERUS

744 1654 1248 1693 INTERROGATIONES
1280 1654 1536 1689 EXAMINIS
1566 1653 1846 1692 COMMUNIS

265 1696 473 1723 formulae
496 1696 706 1724 formulae
1863 1714 1864 1720 1

307 1733 438 1759 latinae
519 1732 687 1766 hispanae
1863 1725 1864 1736 ¹

361 1877 374 1903 1
593 1878 606 1903 1
728 1865 816 1909 Quo
834 1863 990 1898 nomine
1009 1868 1189 1898 vocatur.

357 1926 377 1951 2
590 1926 610 1950 2
727 1912 835 1957 Quot
853 1921 973 1946 annos
993 1917 1053 1945 est
1071 1916 1184 1945 natus
1196 1936 1204 1944 .

356 1963 377 1998 3
589 1963 610 1998 3
726 1958 849 2005 Cujus
867 1958 1035 1993 nationis
1054 1964 1127 1999 est,
1148 1957 1382 2004 provinciae,
1398 1956 1606 2004 dioecesis,
1623 1957 1783 2005 patriae.

354 2019 376 2055 7
566 2020 608 2046 10
726 2008 854 2052 Quam
873 2006 976 2041 vitae
994 2005 1257 2041 conditionem
1275 2005 1410 2041 habuit
1425 2010 1515 2041 ante
1533 2006 1668 2042 initam
1684 2004 1854 2040 Societa-
1915 2044 1920 2050 .
1956 2014 1958 2021 ¹

772 2061 867 2089 tem.
1787 2059 1794 2069 ·
1857 2063 1858 2066 ’

566 2114 607 2150 14
723 2101 803 2137 Cur
817 2102 1030 2147 ingressus:
1051 2112 1072 2135 a
1089 2112 1257 2147 quonam
1276 2099 1483 2135 admissus.

333 2163 374 2188 12
565 2154 606 2187 16
723 2150 922 2195 Quantum
938 2154 1091 2194 tempus
1106 2149 1279 2194 elapsum
1294 2148 1342 2182 ab
1357 2148 1550 2193 ingressu:
1566 2148 1631 2183 ubi
1646 2147 1849 2183 admissus.

332 2210 374 2245 14
561 2210 605 2235 22
722 2198 784 2232 An
803 2197 854 2232 sit
878 2196 1073 2242 sacerdos,
1093 2198 1155 2232 vel
1174 2195 1222 2230 ad
1240 2195 1408 2242 aliquem
1427 2195 1603 2231 ordinem
1618 2195 1851 2231 ecclesiasti-

423 2248 425 2250 ’
767 2256 855 2280 011111
874 2249 1085 2291 promotus.

331 2305 372 2340 15
559 2295 604 2330 23
720 2293 763 2328 In
781 2294 922 2339 quibus
940 2291 1117 2337 collegiis
1134 2289 1343 2325 habitavit.

329 2345 371 2379 16
538 2344 593 2387 18,
616 2352 659 2389 19
681 2366 683 2368 v
719 2341 827 2386 Quas
846 2339 1095 2387 probationes
1113 2338 1153 2373 in
1168 2338 1363 2373 Societate
1382 2336 1515 2373 subiit.

329 2400 370 2436 17
558 2390 602 2426 23
718 2389 762 2424 In
780 2389 920 2435 quibus
939 2394 1139 2433 praeterea
1157 2387 1274 2421 rebus
1293 2385 1343 2421 sit
1362 2390 1553 2420 versatus.

329 2440 370 2474 18
561 2447 601 2483 17
717 2437 779 2471 An
798 2441 888 2471 vota
906 2436 1047 2470 habeat
1062 2433 1287 2469 Societatis.

306 2583 500 2618 Foliorum
525 2580 695 2625 numeri,
719 2579 785 2626 qui
810 2578 961 2613 uncinis
985 2576 1181 2623 quadratis
1212 2576 1252 2611 in
1275 2576 1351 2610 fine
1376 2574 1564 2621 cujusque
1590 2575 1778 2610 examinis
1799 2586 1865 2622 po-

233 2637 391 2675 nuntur,
407 2629 602 2676 pertinent
620 2628 667 2662 ad
681 2627 835 2662 codices
850 2626 889 2660 in
902 2626 1058 2660 archivo
1072 2625 1115 2659 di
1130 2624 1242 2658 Stato
1261 2624 1405 2658 Romae
1423 2629 1662 2658 asservatos.

305 2677 526 2713 Notandum
545 2677 702 2722 insuper
721 2680 781 2710 est
799 2674 837 2709 in
857 2673 1050 2719 aliquibus
1068 2670 1313 2706 examinibus
1328 2670 1598 2705 communibus
1610 2669 1770 2716 reperiri
1789 2671 1861 2705 sub

231 2726 346 2760 finem
367 2726 550 2760 nonnulla
568 2734 752 2769 responsa
770 2721 818 2756 ad
842 2732 1006 2756 examen
1032 2720 1322 2766 magistrorum
1349 2719 1410 2753 vel
1435 2718 1759 2754 scholasticorum
1777 2729 1860 2764 spe-

231 2775 390 2819 ctantia,
410 2778 452 2807 ut
471 2772 604 2807 videre
624 2776 683 2806 est
702 2770 741 2806 in
761 2769 939 2804 examine
957 2767 1167 2802 Adalberti
1184 2766 1356 2801 Bautek.

303 2821 417 2866 Quod
436 2820 483 2855 ad
503 2825 656 2864 tempus
681 2818 835 2858 attinet,
861 2828 937 2863 quo
963 2814 1142 2850 examina
1165 2815 1261 2848 haec
1285 2813 1429 2858 scripta
1453 2812 1580 2855 fuere,
1604 2823 1681 2847 non
1705 2822 1858 2857 semper

230 2863 381 2903 constat
398 2869 435 2902 in
455 2867 563 2913 ipsis.
585 2866 738 2901 Scimus
753 2871 882 2900 tamen
899 2876 957 2905 ea,
973 2874 1071 2909 quae
1086 2861 1285 2907 hispanice
1301 2861 1444 2906 scripta
1460 2865 1564 2903 sunt,
1580 2859 1661 2894 fere
1676 2858 1724 2894 ad
1737 2869 1857 2893 annos

233 2916 318 2959 1561
342 2917 402 2950 vel
426 2915 514 2959 1562
534 2919 723 2960 spectare:
745 2918 913 2957 caetera,
933 2910 1071 2957 partim
1091 2910 1202 2944 annis
1225 2909 1328 2953 1562,
1351 2906 1453 2952 1563,
1472 2908 1609 2953 partim
1625 2906 1734 2942 annis
1752 2906 1858 2951 1566-

230 2964 333 3007 1568,
354 2964 444 2998 dum
464 2964 506 2997 P.
524 2962 673 2997 Natalis
688 2960 906 3007 provincias
926 2957 1161 2994 Germaniae
1187 2961 1226 2991 et
1244 2955 1395 2991 Galliae
1421 2956 1494 2990 sub
1521 2955 1563 2991 P.
1586 2954 1790 2990 Francisco
1809 2953 1857 2988 de

225 3011 339 3056 Borja
357 3010 545 3056 visitavit,
565 3010 653 3045 data
671 3009 809 3044 fuisse.
