1958 3210
806 178 894 215 Ι557
1611 178 1651 213 5Ῑ

46 286 176 315 nasse
193 271 477 316 Societatem.
504 272 591 314 Hic
613 278 708 314 erat
731 269 905 313 animus
924 270 1052 313 Pauli
1074 269 1135 324 4.i
1161 270 1240 312 89
1261 284 1371 326 erga
1393 284 1490 321 nos,
1523 276 1568 314 et
1590 277 1657 311 ta-

46 363 147 391 men
175 348 221 389 in
247 347 397 403 precio
432 348 628 392 habebat
663 361 839 403 semper
872 349 922 389 P.
958 348 1170 402 Laynem:
1213 345 1444 389 Bobadilla
1476 345 1657 401 quidem

46 425 190 467 fuerat
210 423 272 465 illi
294 423 533 466 familiaris.
560 425 625 466 Ita
640 428 717 467 *res
738 430 833 466 erat
862 437 1000 478 quum
1030 430 1183 466 exorta
1206 422 1291 464 fuit
1322 422 1397 465 illa
1420 428 1659 477 tempestas

47 500 194 555 Pontij
218 507 264 543 et
286 500 560 543 Bobadillae.

129 578 288 620 Errore
317 579 485 619 factum
513 578 658 621 fuerat
686 579 757 620 vel
785 592 891 620 casu
920 584 968 619 vt
995 577 1200 620 venirent
1233 578 1417 620 Romam
1447 575 1573 631 quasi
1603 575 1658 618 ad

41 653 303 696 electionem
325 653 494 708 aliquot
515 655 690 698 Patres:
716 661 976 710 receperant
994 653 1164 696 scilicet
1186 653 1349 708 primas
1366 652 1533 704 literas,
1559 651 1658 706 qui—

41 730 125 772 bus
146 730 422 772 vocabantur
443 730 499 773 ad
521 730 939 786 congregationem,
960 745 1051 772 non
1070 740 1177 781 2.aS,
1200 729 1363 784 quibus
1382 729 1657 771 reuocaban-

40 812 125 848 tur.
138 806 372 849 Venerunt
389 805 529 861 igitur
546 808 733 849 Romam
752 808 803 848 P.
818 807 1081 849 Leonardus
1099 813 1144 848 et
1162 805 1391 848 Adrianus
1409 819 1463 848 ex
1491 803 1497 861 Ι
1524 805 1558 847 F
1562 804 1659 847 lan—

39 881 148 924 dria:
174 896 228 925 ex
250 882 492 926 Germania
515 884 567 925 P.
594 881 819 934 Canisius,
841 882 1038 926 Lanoius
1061 890 1105 926 et
1132 882 1397 925 Gaudanus:
1427 895 1484 924 ex
1512 880 1659 923 Gallia

42 960 93 1001 P.
121 959 404 1002 Paschasius:
430 975 485 1003 ex
507 959 632 1002 Italia
650 961 701 1002 P.
730 959 977 1012 Bobadilla,
1003 960 1157 1003 Simon
1178 965 1223 1001 et
1251 958 1398 1001 Viola:
1431 972 1486 1000 ex
1510 956 1658 1001 Sicilia

41 1037 92 1078 Ρ.
117 1037 403 1080 Domenecus
424 1043 469 1080 et
491 1035 727 1088 Vinchius;
759 1043 803 1080 et
832 1036 878 1077 hi
907 1036 1087 1091 quidem
1116 1050 1271 1079 omnes
1293 1033 1498 1091 professi:
1530 1040 1659 1076 erant

42 1113 209 1154 Romae
230 1112 420 1168 professi
445 1126 485 1167 3,
512 1101 568 1155 P.
587 1114 780 1168 Laynes,
816 1113 1039 1155 Polancus
1067 1120 1112 1156 et
1140 1111 1327 1164 Natalis3
1359 1118 1454 1154 erat
1483 1111 1534 1153 Ρ.
1563 1110 1659 1154 Sal-

41 1203 196 1232 meron
220 1188 264 1230 in
288 1191 322 1232 F
326 1189 498 1232 landria
519 1203 622 1232 cum
645 1190 815 1245 legato.

128 1265 418 1320 Complutum
436 1273 733 1321 peruenerant
751 1265 933 1308 lusitani
952 1267 1126 1318 Patres,
1146 1273 1194 1306 vt
1211 1265 1340 1308 facile
1355 1263 1510 1306 fuisset
1527 1263 1659 1320 legit-

41 1341 192 1384 timam
213 1341 333 1385 coire
363 1341 774 1398 congregationem,
806 1341 891 1384 nisi
922 1340 1001 1384 2‚is
1030 1341 1171 1384 literis
1200 1343 1357 1384 Patres
1379 1339 1569 1383 fuissent
1591 1339 1661 1381 in-

38 1417 272 1473 terpellati,
298 1433 400 1461 nam
422 1417 599 1474 hispani
622 1418 692 1473 alij
718 1433 809 1461 non
831 1425 959 1461 erant
976 1417 1170 1460 venturi.

125 1495 323 1550 Incoepit
350 1494 438 1537 iam
467 1494 658 1550 primum
688 1509 822 1551 aegre
860 1495 976 1538 ferre
1016 1494 1262 1546 Bobadilla,
1298 1495 1384 1536 90
1417 1493 1660 1550 gubernari

38 1570 308 1615 Societatem
329 1585 408 1627 per
424 1571 655 1623 vicarium,
676 1571 914 1627 indignum
931 1585 1030 1614 esse
1048 1586 1138 1614 non
1155 1586 1234 1627 per
1250 1570 1417 1626 primos
1434 1571 1660 1626 professos

40 1654 84 1690 et
105 1647 251 1690 socios
271 1648 436 1703 primos
459 1649 511 1690 P.
537 1647 716 1704 Ignatij,
742 1662 821 1703 per
851 1662 943 1699 eos,
976 1648 1052 1703 qui
1075 1648 1121 1690 in
1150 1646 1487 1690 confirmatione
1515 1646 1660 1689 nomi-

38 1731 268 1776 narentur,
294 1724 393 1767 illos
408 1739 501 1767 non
515 1726 679 1768 debere
696 1724 742 1767 in
759 1725 1087 1781 gubernatione
1119 1723 1361 1776 contemni,
1382 1722 1457 1778 qui
1483 1723 1661 1765 fuerant

40 1800 85 1842 in
106 1800 369 1844 fundatione
386 1801 625 1845 Societatis
647 1801 755 1856 socij
783 1803 812 1844 ¹.

127 1878 255 1921 Haec
266 1879 432 1934 agebat
458 1878 465 1935 Ι
493 1878 685 1934 primum
704 1878 822 1921 domi
834 1878 1017 1921 liberius
1030 1877 1279 1930 Bobadilla,
1291 1884 1427 1932 atque
1438 1877 1550 1919 adeo
1563 1883 1659 1918 tur—

36 1953 244 1997 bulenter
265 1961 310 1997 et
331 1953 541 1998 seditiose
564 1954 751 1996 abduxit
774 1954 820 1996 in
843 1969 969 1997 suam
988 1953 1256 1998 sententiam
1274 1966 1301 2007 4
1319 1953 1558 2009 professos:
1585 1951 1658 1995 Si-

36 2044 229 2081 monem,
257 2031 566 2084 Paschasium,
593 2031 770 2074 Violam
792 2039 836 2074 et
860 2031 1126 2074 Adrianum.
1154 2029 1448 2074 Paschasium
1478 2035 1659 2085 propter

37 2106 134 2149 eius
155 2106 501 2162 simplicitatem,
522 2122 627 2150 nam
649 2107 721 2150 hic
746 2107 829 2150 fuit
852 2121 1027 2163 semper
1044 2107 1300 2163 inculpatae
1318 2106 1452 2158 vitae,
1473 2105 1658 2161 ignarus

40 2190 189 2227 tamen
212 2183 599 2226 constitutionum,
625 2184 782 2228 Simon
799 2184 928 2228 facile
951 2185 1175 2227 abductus
1192 2183 1405 2236 creditur,
1425 2182 1498 2226 vel
1515 2197 1594 2237 per
1611 2196 1659 2225 se

39 2259 157 2302 idem
178 2260 454 2316 concepisse,
476 2262 596 2316 quod
619 2262 765 2304 adhuc
786 2261 1001 2305 retineret
1023 2261 1282 2304 memoriam
1305 2260 1375 2303 sui
1396 2259 1564 2313 iudicij3
1585 2258 1657 2300 hic

38 2336 162 2379 enim'
177 2343 227 2378 vt
247 2344 433 2380 venerat
460 2339 665 2390 Romam,
695 2339 817 2393 quod
840 2338 1047 2394 superius
1074 2337 1323 2394 attigimus,
1349 2337 1409 2379 ibi
1439 2338 1491 2378 P.
1524 2336 1657 2392 Igna—

36 2412 126 2455 tius
147 2414 362 2457 censebat
384 2413 636 2457 amnistiam
659 2414 756 2458 fieri
778 2414 1120 2470 praeteritarum
1142 2428 1307 2457 rerum:
1330 2413 1484 2457 Simon
1508 2418 1656 2456 tamen

36 2489 266 2533 contendit
283 2489 498 2532 iudicium
515 2490 757 2543 diceretur,
782 2492 904 2545 quod
932 2491 1105 2534 etiamsi
1129 2492 1260 2546 plane
1282 2489 1508 2532 videretur
1539 2487 1656 2531 indi-

37 2565 302 2621 gnissimum
323 2574 368 2609 et
391 2567 582 2623 exempli
609 2567 813 2623 pessimi,
846 2567 1034 2611 indulsit
1070 2568 1139 2610 91
1172 2575 1321 2610 tamen
1352 2568 1403 2608 P.
1436 2565 1653 2622 Ignatius,

36 2641 282 2698 designatis
303 2655 332 2696 4
367 2642 606 2695 iudicibus,
648 2645 701 2686 P.
744 2645 958 2697 Polanco,
991 2645 1171 2696 Olauio,
1214 2644 1367 2687 Miona
1404 2650 1449 2686 et
1472 2641 1653 2693 Pontio,

36 2731 148 2772 quos
169 2732 260 2761 non
281 2719 534 2775 repudiauit
562 2719 734 2774 Simon,
766 2720 992 2763 actoribus
1030 2723 1082 2763 P.
1119 2720 1356 2764 Ludouico
1392 2719 1595 2775 Goncalo
1611 2725 1655 2761 et

35 2793 263 2837 Carnerio:
304 2802 405 2838 acta
441 2809 578 2838 causa
615 2803 699 2849 est,
724 2804 915 2853 rogante
944 2799 996 2840 P.
1033 2797 1225 2853 Ignatio,
1251 2804 1299 2839 vt
1322 2796 1359 2839 si
1388 2797 1514 2839 locus
1536 2802 1654 2839 esset

37 2870 226 2924 gratiae,
251 2871 400 2926 potius
422 2872 627 2916 fauerent
649 2873 821 2917 Simoni
843 2873 1014 2917 iudices
1037 2888 1170 2929 quam
1193 2872 1435 2925 actoribus;
1456 2870 1654 2915 omnium

111 2957 122 2976 ¹
173 2957 428 3004 SAccnmus,
448 2961 526 2995 loc.
549 2960 632 3006 cit„
652 2973 689 2996 n.
709 2968 767 3006 74.
