1958 3210
852 156 1071 191 APPEND1x
1706 160 1776 206 659

143 256 370 301 Societate
393 271 526 312 quam
548 257 677 299 duos.
705 257 779 300 Ad
800 258 912 299 haec
940 257 1150 300 nolumus
1172 259 1320 313 plane,
1355 265 1404 300 ut
1433 265 1611 301 nostrae
1644 260 1773 303 aulae

142 315 351 359 homines
379 316 476 358 aliis
507 323 633 358 extra
663 316 933 360 Societatem
973 317 1282 360 sacerdotibus
1319 318 1636 370 confiteantur,
1664 319 1774 361 nulli

142 375 262 418 enim
294 375 368 431 (ita
396 375 547 431 agitur
578 389 648 418 res
676 375 719 417 in
754 382 906 417 nostra
934 376 1194 428 Germania,
1227 378 1338 432 proh
1368 377 1526 432 dolor!)
1551 378 1772 420 sacerdoti

142 434 373 478 fidendum
392 441 475 487 est3
497 434 602 489 quia
619 443 696 476 aut
714 434 758 475 in
777 435 865 478 fide
883 441 989 476 sunt
1012 435 1214 490 suspecti,
1230 450 1387 479 omnes
1406 437 1514 488 fere,
1536 444 1613 478 aut
1639 437 1774 492 (quod

142 494 311 536 clarum
337 501 404 537 est
426 493 649 547 omnibus)
672 493 844 535 indocti
875 500 919 535 et
947 493 1155 548 imperiti,
1182 509 1233 537 ac
1258 494 1351 537 uita
1374 495 1624 537 scandalosi
1648 503 1770 548 sunt,

141 551 276 594 immo
299 553 441 595 multo
464 566 541 594 eos
564 552 719 595 uideas
748 551 989 607 ineptiores
1018 552 1156 607 laycis
1179 553 1302 608 ipsis,
1329 554 1389 596 ita
1419 560 1483 604 ut,
1516 553 1592 608 qui
1622 556 1768 597 adhuc

140 611 349 654 catholici
377 618 505 664 sunt,
538 611 593 653 ab
621 611 879 653 huiusmodi
910 611 999 653 sint
1036 612 1325 655 auersissimi.
1368 613 1499 656 Multi
1538 613 1623 655 iam
1663 622 1769 656 sunt

141 685 196 713 ex
218 677 371 713 nostro
394 670 586 726 gynecio
608 677 653 712 et
675 671 791 722 aula,
814 670 889 724 qui
908 670 1138 725 sepissime
1162 686 1333 714 sacram
1356 671 1560 727 synaxim
1584 680 1771 714 sumunt

142 744 193 772 ac
221 728 342 772 uitae
364 730 510 772 bonae
534 730 757 773 tramitem
788 729 1120 784 ingrediuntur,
1148 732 1268 785 quod
1291 746 1398 774 sane
1420 732 1541 773 haud
1564 731 1707 783 fieret,
1734 732 1770 774 si

141 790 222 830 hos
245 789 358 831 duos
389 790 546 831 Patres
574 803 665 830 non
693 790 977 832 haberemus.
1012 789 1336 845 Neccogitare
1367 790 1502 833 debet
1525 792 1581 832 D.
1611 792 1663 832 T.
1693 805 1770 834 eos

139 848 258 903 apud
281 862 362 890 nos
385 847 533 890 ocium
558 862 695 903 agere
718 847 889 889 inutile.
918 848 1101 890 Habent
1131 863 1239 892 sane
1261 848 1369 890 satis
1400 863 1625 904 superque
1649 851 1769 903 quod

137 914 291 962 agant,
319 914 366 948 ut
390 907 555 961 juuent
577 906 828 961 proximum
853 920 1140 961 quocumque
1162 909 1344 951 demum
1369 914 1587 950 terrarum
1612 908 1769 951 uenia-

111 980 253 1019 ·mus,
287 965 527 1021 praecipue
557 974 706 1008 tamen
736 965 805 1008 his
833 965 1102 1008 calamitosis
1132 966 1296 1009 nostris
1328 966 1626 1021 temporibus,
1659 981 1767 1009 con-

136 1024 389 1076 cionantur,
423 1026 603 1077 docent,
637 1033 838 1076 monent,
865 1025 1410 1077 audiuntconfessiones,
1443 1040 1494 1068 ac
1524 1026 1609 1069 alia
1638 1041 1768 1081 prae—

136 1091 272 1136 stant,
314 1099 430 1140 quae
467 1085 729 1126 conducunt
757 1085 812 1126 ad
841 1083 1058 1127 ecclesiae
1087 1084 1357 1127 christianae
1389 1085 1762 1128 aedificationem.

136 1144 320 1186 Praeter
362 1145 474 1186 haec
516 1143 686 1195 omnia,
728 1144 922 1198 populus
965 1158 1179 1198 magnum
1224 1158 1333 1199 erga
1371 1159 1448 1187 eos
1486 1159 1682 1188 amorem
1723 1152 1767 1187 et

135 1203 335 1245 fauorem
358 1204 509 1245 habet.
538 1204 617 1244 Est
639 1202 759 1245 enim
783 1203 983 1257 profecto
1013 1211 1057 1245 et
1089 1204 1251 1245 clamat
1281 1210 1479 1246 extrema
1503 1203 1763 1254 necessitas,

132 1262 388 1305 venerande
427 1264 576 1312 Pater,
610 1261 793 1315 ubique,
826 1268 875 1303 ut
905 1262 1150 1304 habeamus
1179 1262 1332 1304 fideles
1362 1269 1406 1304 et
1437 1277 1568 1305 ueros
1597 1262 1766 1305 Christi

82 1325 91 1332 ’
132 1335 304 1372 seruos,
330 1321 485 1374 quales
507 1329 630 1364 certe
652 1320 855 1363 inuenire
879 1334 968 1362 non
991 1321 1254 1375 poterimus,
1280 1335 1413 1375 quam
1433 1321 1477 1363 in
1503 1323 1587 1364 hac
1611 1321 1765 1365 Socie-

133 1386 239 1431 tate,
273 1379 382 1422 nulli
419 1379 537 1422 enim
576 1379 702 1422 alteri
741 1394 822 1421 nos
860 1381 1132 1423 concredere
1170 1381 1403 1423 audemus.
1447 1380 1766 1423 Existimamus

129 1446 363 1493 praeterea
400 1439 532 1494 plane
570 1438 681 1480 nulli
710 1438 1004 1493 collegiorum
1036 1440 1128 1482 fore
1157 1440 1440 1489 damnosum,
1476 1439 1512 1481 si
1542 1441 1623 1481 hos
1651 1440 1766 1482 duos

130 1497 419 1541 retineamus.
442 1500 497 1540 Et
515 1497 599 1540 nisi
618 1512 703 1540 nos
720 1497 911 1539 maxima
929 1506 973 1539 et
997 1498 1238 1540 christiana
1257 1498 1502 1541 necessitas
1527 1512 1577 1540 ac
1600 1513 1765 1541 causae

131 1564 347 1613 urgentes
371 1558 427 1600 ad
450 1559 536 1599 hoc
559 1557 856 1612 impellerent,
884 1557 1008 1598 nullo
1032 1558 1165 1599 modo
1189 1559 1390 1612 profecto
1414 1557 1458 1598 id
1481 1572 1506 1599 a
1530 1559 1582 1599 T.
1605 1559 1662 1599 D
1686 1573 1759 1612 pe

131 1623 342 1660 teremus.
384 1618 486 1660 Non
529 1616 705 1658 uidetur
733 1616 867 1658 etiam
898 1615 1027 1658 nobis
1056 1617 1311 1658 consultum
1344 1630 1427 1658 nec
1456 1616 1762 1659 necessarium

133 1682 181 1717 ut
203 1677 260 1718 D.
288 1677 340 1718 T.
368 1690 467 1719 sese
489 1675 535 1717 in
558 1677 644 1718 hoc
667 1675 858 1731 negocio
884 1676 1046 1718 referat
1068 1676 1123 1717 ad
1142 1675 1458 1730 probissimum
1478 1678 1611 1718 Dom.
1641 1677 1761 1718 Can

131 1734 318 1787 nisium,
357 1735 497 1790 ipsius
546 1734 664 1777 enim
710 1734 989 1777 ordinatione
1038 1742 1081 1778 et
1119 1734 1342 1778 sententia
1386 1735 1539 1790 (quam
1584 1742 1762 1777 nostrae

130 1793 335 1849 petitioni
374 1794 582 1838 timemus
613 1795 706 1836 fore
735 1793 1020 1848 contrariam)
1051 1801 1173 1837 certe
1202 1808 1291 1835 non
1322 1793 1488 1836 erimus
1518 1807 1600 1835 nec
1631 1795 1761 1836 uolu-

130 1867 230 1895 mus
254 1868 353 1896 esse
376 1860 630 1896 contentae.
658 1854 813 1908 Quare
844 1868 897 1896 eo
927 1853 1244 1896 uehementius
1273 1860 1420 1895 motae
1451 1852 1618 1895 fuimus
1650 1855 1761 1896 haec

131 1913 187 1954 ad
211 1913 263 1954 T.
291 1914 347 1954 D.
376 1912 667 1967 perscribere,
694 1913 826 1968 plane
848 1920 1081 1967 sperantes
1111 1911 1239 1955 nobis
1268 1914 1385 1954 hanc
1417 1919 1614 1954 nostram
1646 1912 1761 1966 petiv-

130 1971 297 2014 tionem
321 1972 444 2014 nullo
466 1973 599 2014 modo
617 1979 938 2014 recusaturam.
963 1973 1265 2027 Quapropter,
1287 1972 1543 2014 venerande
1563 1971 1606 2012 in
1627 1971 1760 2013 Chri—

129 2038 199 2072 sto
222 2030 419 2084 domine,
445 2046 526 2073 nos
549 2046 704 2073 omnes
726 2045 920 2082 summo,
947 2045 1036 2085 quo
1059 2045 1318 2085 possumus,
1354 2030 1503 2072 studio
1533 2037 1577 2072 et
1607 2044 1759 2072 amore

129 2104 309 2132 oramus
332 2104 383 2132 ac
407 2091 699 2134 obsecramus
725 2097 772 2132 ut
801 2092 883 2132 hos
911 2090 1024 2132 duos
1053 2089 1348 2145 supradictos,
1383 2089 1591 2131 nimirum
1617 2091 1733 2146 Joan

130 2163 232 2191 nem
256 2149 455 2192 Dirsium
480 2157 524 2193 et
548 2151 809 2193 Hermetem
834 2150 1055 2192 concedat
1078 2164 1253 2204 semper
1283 2148 1427 2199 nobis,
1462 2155 1641 2191 uestrae
1675 2149 1760 2191 So-

129 2207 407 2265 cietatiJesu
446 2208 761 2252 addictissimis
789 2207 983 2259 filiabus,
1016 2216 1059 2250 et
1090 2208 1190 2250 illos
1219 2223 1309 2250 non
1340 2215 1515 2249 auocet.
1550 2209 1759 2250 Vestram

129 2267 480 2310 dominationem
518 2267 653 2311 huius
682 2282 771 2310 non
804 2267 1035 2323 penitebit,
1068 2267 1203 2322 immo
1233 2266 1329 2321 ipsa
1360 2268 1423 2319 (sut
1452 2280 1685 2320 speramus
1715 2265 1758 2307 in

128 2325 344 2382 Domino>
368 2341 415 2369 re
438 2327 533 2382 ipsa
556 2326 811 2382 experietur
834 2329 980 2369 Deum
1006 2327 1147 2368 multa
1176 2326 1293 2367 bona
1321 2326 1365 2366 in
1398 2326 1499 2368 aula
1529 2332 1680 2367 nostra
1710 2339 1760 2366 ac

130 2385 320 2428 ecclesia
342 2385 562 2428 catholica
585 2400 663 2441 per
693 2385 815 2441 ipsos
844 2393 1150 2440 operaturum
1183 2384 1230 2428 Si
1269 2386 1325 2427 D
1368 2386 1421 2426 T
1462 2384 1597 2427 sciret
1627 2398 1759 2438 quam

129 2444 383 2488 cordialiter
406 2452 451 2487 et
474 2445 753 2488 confidenter
775 2459 966 2500 agamus
988 2451 1032 2486 et
1063 2451 1285 2499 petamus,
1319 2442 1581 2497 neutiquam
1611 2443 1758 2494 nobis,

131 2504 251 2570 quod
279 2504 506 2559 cupimus,
539 2504 801 2559 denegaret.
802 2480 969 2546 &Certo
1000 2503 1182 2553 scimus,
1215 2502 1252 2544 si
1281 2517 1444 2557 parens
1472 2510 1624 2544 noster
1653 2501 1760 2545 dile-

130 2562 372 2614 ctissimus,
399 2562 497 2629 piae
525 2563 782 2615 memoriae,
816 2562 990 2605 uiueret
1021 2562 1110 2617 (qui
1144 2560 1388 2616 singularis
1421 2560 1505 2602 fuit
1540 2562 1687 2602 fautor
1718 2568 1761 2604 et

130 2629 360 2676 protector
383 2621 520 2664 totius
548 2622 683 2664 huius
713 2621 964 2675 Societatis)
990 2620 1099 2662 nihil
1123 2620 1297 2675 gratius
1324 2621 1526 2671 haberet,
1560 2634 1694 2674 quam
1724 2619 1761 2661 si

131 2679 237 2722 huic
260 2680 464 2736 petitioni
487 2688 667 2724 nostrae
690 2682 747 2723 D.
775 2682 827 2722 T.
862 2679 1184 2734 acquiesceret.
1211 2681 1314 2722 Non
1338 2678 1597 2721 dubitamus
1626 2678 1760 2721 etiam

131 2739 239 2794 quin
271 2739 436 2782 nostris
465 2739 677 2781 fratribus
705 2738 915 2781 omnibus
945 2753 1037 2781 rem
1077 2738 1208 2782 faciet
1241 2737 1560 2793 gratissimam,
1597 2737 1762 2791 quibus

132 2813 307 2854 semper
335 2806 379 2841 et
408 2798 683 2853 ubicumque
710 2812 952 2853 possumus
990 2797 1296 2852 paratissimae
1320 2803 1459 2839 totam
1489 2796 1762 2840 Societatem

131 2857 619 2900 commendatissimam
650 2858 797 2900 facere
827 2871 879 2899 ac
908 2870 1174 2911 promouere
1202 2870 1293 2898 non
1322 2855 1616 2906 cessabimus,
1644 2855 1765 2909 quod

131 2922 256 2959 certo
284 2917 341 2960 de
369 2915 499 2959 nobis
528 2931 708 2972 sperare
747 2915 948 2972 potestis.
991 2914 1147 2958 Latius
1185 2929 1273 2957 non
1308 2914 1576 2967 scribemus3
1619 2915 1764 2956 solum
