1958 3210
217 217 242 241 x
679 205 933 241 PROOEMHJM
959 212 1142 239 sEcnnm
1168 211 1394 239 VOLUMINIS

215 308 326 358 sius,
351 307 564 358 Polanco,
579 321 606 362 9
625 307 749 361 Aug.
772 306 844 359 65,
860 305 906 347 in
924 304 1288 360 appendice.)——«
1298 305 1377 346 Est
1395 303 1513 347 enim
1534 309 1627 344 tota
1645 301 1845 344 Lithwa·—

219 384 292 426 nia
315 383 583 438 quibusdam
606 382 842 425 horrendis
863 380 1127 424 haeresibus
1151 379 1352 436 grauiter
1370 379 1551 422 infecta:
1573 392 1741 434 paucos
1757 377 1844 420 iam

216 461 262 502 in
286 474 339 501 ea
361 458 606 502 catholicos
629 457 823 513 reperire
845 457 965 508 licet,
992 471 1045 499 ex
1070 455 1364 498 nobilioribus
1386 454 1663 510 praesertim.
1691 455 1782 498 Sed
1800 461 1844 498 et

217 538 262 578 in
302 550 444 591 regno
472 535 613 576 nihilo
642 533 797 577 melior
830 540 898 577 est
936 539 1081 575 status
1119 531 1366 587 religionis,
1404 546 1537 586 quam
1576 531 1660 572 fuit
1691 538 1838 573 antea.

218 616 373 656 Ruunt
396 612 442 654 in
465 611 665 655 deterius
687 609 852 661 omnia,
879 608 1183 652 sathanismus
1205 607 1342 650 sumit
1365 607 1497 659 vires,
1524 607 1724 662 quotidie
1744 608 1845 662 plu-

217 705 288 733 res
311 691 366 732 ab
389 688 626 732 haereticis
649 693 928 743 occupantur
951 685 1213 729 ecclesiae.»
1241 685 1393 740 (Idem,
1413 683 1575 737 eidem,
1595 685 1846 727 Decembre

223 768 329 821 1565
346 800 355 818 ,
381 766 427 808 in
450 765 819 821 append.)-—«Le
841 778 947 807 cose
975 763 1033 805 de
1061 763 1102 804 la
1135 761 1355 818 religione
1384 760 1430 803 in
1462 761 1670 816 Cologna
1698 774 1848 803 vanno

216 844 553 900 pegiorando...
586 842 616 884 li
653 840 917 884 catholici...
960 846 1123 883 stanno
1156 853 1239 881 con
1279 838 1452 894 grande
1489 836 1845 879 sollicitudine...

217 920 320 964 Neli
344 920 449 962 stati
472 919 516 961 di
540 919 733 962 Fiandra
755 918 827 960 del
850 931 897 960 re
922 916 1130 972 Philippo
1152 930 1301 958 vanno
1324 914 1595 957 similmente
1614 914 1657 957 le
1673 927 1778 956 cose
1794 913 1850 956 de

218 999 261 1040 la
290 997 511 1053 religione
538 997 594 1040 de
625 996 712 1038 mal
741 994 787 1036 in
809 993 1064 1050 peggio...»
1098 993 1183 1050 (Ad
1207 993 1283 1034 fin.
1318 991 1423 1034 anni
1459 989 1847 1045 1563.)—<‹Calvi-

221 1075 393 1117 nismus
415 1075 505 1117 late
527 1080 776 1129 grassatur,
802 1072 915 1127 proh
937 1071 1079 1122 dolor,
1101 1084 1157 1112 ex
1178 1069 1338 1113 Galliis
1359 1069 1405 1110 in
1422 1066 1712 1112 Germaniam
1731 1065 1849 1108 irru-

219 1152 338 1208 pit...
364 1151 532 1206 vbique
554 1151 611 1192 ad
633 1148 954 1192 discessionem
978 1147 1154 1204 parauit
1175 1146 1294 1189 viam
1317 1148 1523 1188 sathan.»
1551 1143 1795 1200 (Canisius,
1824 1157 1847 1197 3

220 1228 365 1285 April.
399 1228 727 1282 1563.)—Inter
744 1225 1006 1276 catholicos,
1026 1223 1132 1267 licet
1150 1238 1239 1266 non
1258 1224 1445 1266 deerant
1461 1221 1545 1263 viri
1562 1219 1752 1273 strenui,
1771 1219 1849 1274 qui

220 1305 326 1349 totis
346 1305 520 1347 viribus
541 1302 871 1347 haereticorum
894 1300 1131 1344 conatibus
1148 1299 1366 1343 obsistere
1384 1299 1650 1349 niterentur,
1671 1296 1717 1338 in
1733 1297 1852 1338 mul—

220 1383 277 1425 tis
311 1390 461 1426 tamen
490 1382 696 1424 defectus
725 1378 941 1432 caritatis,
973 1391 1150 1421 amarae
1178 1377 1223 1418 in
1256 1376 1518 1432 pontificem
1556 1373 1849 1430 suspiciones,

221 1459 586 1515 perturbationes
609 1464 766 1500 contra
788 1456 990 1499 ordinem
1014 1454 1060 1496 in
1082 1454 1289 1507 concilio,
1316 1452 1452 1494 nimia
1475 1467 1585 1508 erga
1601 1449 1855 1493 haereticos

217 1536 496 1593 benignitas,
517 1535 722 1590 aliaeque
739 1534 856 1577 bene
874 1533 1042 1575 multae
1059 1531 1264 1574 miseriae
1281 1529 1447 1586 passim
1466 1534 1698 1585 apparent.
1722 1526 1853 1570 Prin*

219 1613 342 1669 cipes
381 1611 614 1657 reformari
652 1617 880 1664 recusant,
922 1608 1181 1665 pontificem
1218 1621 1326 1650 vero
1364 1604 1597 1650 reformari
1635 1604 1856 1647 instanter

217 1691 467 1747 postulant.
487 1690 532 1747 (Ι
559 1696 605 1732 et
633 1701 685 1742 14
707 1689 824 1731 Nov.
858 1687 984 1741 15623
1012 1686 1068 1729 26
1090 1686 1238 1737 Febr.;
1265 1700 1292 1741 9
1314 1691 1359 1727 et
1384 1696 1439 1737 24
1462 1685 1610 1736 Mart.;
1644 1695 1692 1736 13
1721 1688 1765 1724 et
1799 1693 1854 1723 20

218 1766 385 1824 April.,
411 1780 438 1821 4
462 1767 588 1822 Maj.,
616 1766 640 1808 8
664 1772 709 1808 et
733 1777 786 1807 22
805 1766 933 1822 Jun.;
962 1776 1032 1815 21,
1061 1773 1113 1816 25
1138 1770 1183 1804 et
1208 1762 1261 1804 28
1286 1762 1433 1817 Sept.,
1466 1761 1593 1814 1563,
1619 1758 1726 1814 etc.)

310 1843 564 1887 Cardinalis
588 1842 765 1886 Moroni
788 1840 1027 1897 prudentia
1058 1846 1102 1882 et
1131 1838 1354 1881 industria
1384 1852 1455 1880 res
1485 1836 1661 1879 concilii
1689 1835 1734 1877 in
1763 1849 1854 1878 me-

218 1921 307 1964 lius
330 1928 564 1963 mutantur
588 1921 659 1977 (20
677 1918 822 1975 April.
850 1917 937 1973 63).
965 1919 1211 1972 Imperator
1233 1915 1277 1957 in
1298 1914 1568 1969 quibusdam
1586 1911 1747 1955 litteris
1765 1913 1856 1954 Ro-

220 2013 337 2041 mam
361 2014 387 2041 a
408 2013 457 2041 se
480 1997 626 2040 missis
656 1996 717 2038 ait
747 1996 961 2051 optimam
993 1992 1266 2038 Germaniae
1295 1991 1608 2036 reformandae
1636 1989 1856 2032 rationem

220 2076 266 2117 in
289 2074 493 2131 collegiis
517 2073 761 2118 Societatis
778 2075 889 2130 Jesu
919 2070 1272 2127 multiplicandis
1311 2068 1552 2124 repositam
1593 2066 1677 2109 sibi
1715 2064 1858 2109 videri

220 2155 263 2209 (9
287 2155 419 2196 Mart.
447 2152 534 2207 63).
570 2151 770 2194 Nuntius
799 2148 1026 2206 pontificis
1058 2148 1267 2191 Delfinus
1305 2146 1534 2202 praeclare
1572 2159 1652 2200 pro
1690 2144 1859 2186 tuenda

218 2237 403 2273 sanctae
425 2229 545 2273 sedis
568 2227 838 2271 auctoritate
859 2228 1077 2278 decertat,
1098 2225 1475 2277 commendatque
1494 2220 1618 2264 Patri
1637 2220 1783 2263 Nadal
1807 2227 1856 2261 ut

219 2306 376 2350 solidis
398 2304 680 2362 argumentis
702 2318 929 2346 summum
952 2301 1212 2358 pontificem
1238 2299 1503 2342 universalis
1526 2296 1745 2341 ecclesiae
1775 2311 1854 2352 pa-

220 2392 388 2428 storem
412 2398 528 2435 esse,
562 2397 643 2438 pro
672 2395 991 2438 germanorum
1021 2377 1337 2422 dissidentium
1366 2375 1693 2426 confutatione,
1729 2373 1854 2417 evin-

219 2468 292 2503 cat
323 2462 394 2517 (26
418 2462 570 2511 Febr.,
605 2472 653 2514 13
684 2457 828 2514 April.
863 2457 947 2511 63).
980 2455 1126 2499 Libris
1156 2454 1340 2510 insuper
1369 2468 1394 2495 a
1431 2451 1567 2494 variis
1595 2450 1857 2493 doctoribus

216 2537 453 2580 catholicis
491 2535 692 2592 scriptis,
732 2533 968 2584 Kemnitii,
1012 2530 1253 2587 Artopoei,
1293 2528 1539 2573 Monhemii
1578 2528 1859 2582 aliorumque

218 2630 245 2657 a
273 2613 465 2658 veritate
502 2613 724 2656 catholica
761 2610 1067 2655 aberrantium
1107 2615 1278 2651 asserta
1306 2607 1607 2649 debellantur.
1642 2606 1747 2660 Quo
1780 2618 1859 2659 pa-

220 2699 295 2734 cto
337 2689 641 2733 catechismus
684 2686 1010 2743 archiepiscopi
1054 2684 1239 2728 toletani
1284 2681 1617 2726 Bartholomaei
1665 2682 1860 2723 Carran-

220 2784 287 2819 za,
315 2769 374 2811 O.
401 2767 448 2811 S.
477 2768 554 2818 D.,
581 2766 627 2808 in
650 2772 826 2809 secreta
848 2761 1206 2819 congregatione
1229 2761 1505 2816 approbatus
1529 2757 1681 2809 fuerit,
1708 2756 1859 2800 decla—

222 2853 345 2887 ratur
370 2860 395 2886 a
418 2844 619 2886 Polanco
643 2843 713 2899 (22
732 2844 839 2899 Jun.
868 2841 955 2895 63).
1812 2819 1814 2822 ι

310 2922 406 2964 Nec
429 2921 577 2962 solum
600 2920 657 2962 de
680 2920 815 2960 rebus
834 2915 1066 2972 religionis
1089 2914 1134 2956 in
1152 2912 1411 2965 Germania,
1434 2912 1514 2955 sed
1532 2911 1665 2956 etiam
1683 2909 1729 2952 in
1745 2909 1858 2953 Gal—

220 2998 294 3051 lia,
321 2997 462 3050 Italia,
491 2994 710 3051 Hispania
733 3004 777 3038 et
803 2992 1035 3037 Lusitania
1060 2993 1318 3046 frequenter
1342 2989 1510 3032 mentio
1534 2989 1584 3030 fit
1608 2988 1652 3029 in
1670 2986 1738 3029 his
1761 2984 1858 3041 epi-
