1958 3210
228 189 298 233 466
781 189 918 223 EPIST.
950 188 992 222 P.
1022 186 1295 232 NADAL—337

228 289 477 341 licitudine,
503 297 803 344 quantunque
825 304 904 345 per
926 290 968 334 le
992 289 1149 333 ultime
1170 290 1332 335 lettere
1354 291 1427 334 del
1449 298 1591 335 rettor
1606 295 1692 337 che
1714 308 1796 336 son
1814 295 1877 340 de

238 380 287 419 14
315 366 388 409 del
416 372 643 421 presente,
674 380 782 421 pare
810 368 897 410 che
925 367 1043 410 nella
1075 366 1186 410 citta
1221 374 1414 411 stauano
1446 368 1563 412 assai
1600 370 1718 414 bene
1754 372 1874 415 della

231 450 378 498 peste,
410 444 587 486 benche
615 444 702 486 hau
721 458 795 487 {ua
825 450 954 487 tocco
983 445 1103 500 dopo
1133 445 1175 488 la
1202 452 1348 489 morte
1378 445 1482 489 delli
1513 460 1537 501 3
1569 447 1710 490 nostri
1739 449 1868 503 qual—

231 522 383 563 chuno
405 520 478 563 del
500 520 692 576 collegio
716 535 839 564 nouo
867 523 894 563 ¹.
921 520 1007 564 Dio
1033 523 1089 564 N.
1120 523 1168 567 S.
1195 522 1261 565 sia
1283 537 1369 566 con
1392 524 1501 566 loro.

323 610 361 640 2.
432 597 564 640 Circa
592 598 633 641 le
662 598 860 651 lectioni,
888 600 944 642 V.
979 601 1031 642 R.
1066 599 1095 641 11
1125 599 1199 642 (113
1226 600 1417 644 l'ordine
1439 603 1524 645 che
1547 601 1713 658 meglio
1735 602 1766 644 11
1787 617 1870 657 03-
1930 660 1934 662 Π

232 677 346 727 1613,
381 674 540 730 poiche
575 689 666 718 non
695 675 732 718 51
761 690 820 731 00
855 676 1312 721 conuenientemente
1346 678 1472 720 leuar
1506 680 1561 721 de
1596 680 1811 735 Augusta
1840 679 1871 721 il

233 754 285 795 P.
313 752 495 795 Canisio
519 753 551 795 ⁵².
579 754 717 796 Resta
740 767 904 809 pregar
927 753 1056 796 Iddio
1079 755 1121 797 10
1144 755 1323 810 guardi‚
1350 763 1395 799 et
1417 758 1501 800 che
1518 758 1662 800 anche
1679 756 1709 798 11
1732 756 1874 799 nostri

232 831 261 871 li
286 845 335 874 se
357 829 579 886 agiutino.

325 921 364 962 3.
433 906 521 951 Gi‘a
549 907 693 950 auisai
725 910 809 951 che
839 908 876 951 si
906 909 1003 953 fece
1031 909 1062 950 11
1091 916 1317 952 contratto
1340 925 1425 953 con
1456 910 1487 953 il
1516 911 1731 963 cardinal,
1763 925 1874 954 con-

236 986 376 1029 forme
399 985 473 1028 alli
496 984 609 1027 auisi
633 984 678 1027 di
701 987 758 1029 V.
786 988 839 1029 R.
868 987 899 1028 ⁵.
927 985 976 1030 Si
999 988 1023 1029 e
1047 988 1261 1030 mandato
1283 989 1428 1031 anche
1452 989 1494 1031 13
1511 988 1613 1031 lista
1631 1003 1709 1044 per
1725 989 1756 1030 11
1773 989 1875 1032 libri

235 1061 532 1118 philosophici
551 1063 593 1105 al
613 1065 663 1106 P.
686 1064 777 1105 don
795 1063 932 1120 Luigi
949 1064 982 1116 ²⁴,
1003 1064 1257 1108 leuandone
1275 1065 1440 1108 alcuni.
1461 1065 1593 1110 Circa
1611 1066 1641 1108 li
1658 1079 1745 1120 400
1770 1077 1811 1112 Δ
1827 1066 1871 1109 ‚ti

236 1154 327 1182 non
351 1154 464 1183 sono
489 1155 568 1196 per
589 1155 797 1197 comprar
819 1141 1135 1197 suppellectili,
1160 1144 1244 1186 che
1272 1143 1318 1185 di
1346 1150 1507 1199 questo
1528 1143 1564 1186 si
1588 1145 1612 1187 e
1634 1144 1740 1187 dato
1763 1145 1879 1187 altro

234 1217 409 1269 ordine,
435 1233 508 1261 ma
530 1231 608 1273 per
632 1218 805 1272 uiuere3
831 1226 875 1262 et
899 1218 1103 1263 desidera
1132 1221 1277 1264 anche
1305 1221 1551 1264 mandarne
1575 1221 1652 1277 013
1674 1221 1704 1264 11
1727 1222 1876 1264 cardi-

236 1296 326 1347 nal,
353 1295 495 1351 prima
524 1298 610 1340 che
639 1303 766 1352 parta
794 1297 852 1341 de
881 1297 1022 1351 Italia;
1050 1304 1094 1341 et
1123 1312 1209 1353 pur
1239 1299 1340 1341 uole
1368 1300 1452 1342 che
1476 1298 1512 1341 si
1541 1299 1642 1342 caui
1666 1314 1809 1356 grano
1832 1306 1878 1344 et

236 1374 429 1428 qualche
451 1373 529 1429 piu
547 1373 584 1416 51
607 1377 737 1429 potra
758 1375 832 1418 del
854 1389 937 1418 suo
961 1389 1195 1419 economo.
1222 1376 1255 1419 Il
1278 1377 1491 1433 catalogo
1508 1378 1623 1420 delle
1641 1377 1824 1421 lectioni
1841 1377 1879 1420 51

236 1452 401 1493 mando
423 1466 448 1493 a
471 1453 528 1494 D.
557 1451 710 1508 Luigi,
735 1467 822 1495 con
845 1452 1041 1496 auisarlo
1064 1455 1149 1498 che
1170 1468 1261 1496 non
1284 1469 1453 1510 pareua
1475 1454 1512 1497 51
1535 1455 1718 1499 (1036551
1740 1462 1880 1498 stam—

235 1543 343 1584 pare
366 1536 453 1572 etc.
481 1530 541 1574 Se
564 1529 594 1571 11
617 1530 783 1573 mando
806 1532 951 1574 anche
974 1531 1122 1575 l’altra
1144 1532 1304 1575 lettera
1327 1533 1412 1576 che
1434 1547 1512 1588 per
1534 1532 1598 1575 lui
1615 1546 1691 1575 era
1713 1532 1881 1589 scripta

237 1607 295 1650 de
316 1606 526 1662 Dilinga.

327 1697 370 1738 4.
437 1686 624 1740 Quanto
647 1685 720 1728 alli
743 1685 897 1739 studii,
922 1686 1217 1731 liberamente
1239 1690 1369 1743 potra
1394 1688 1459 1730 far
1476 1688 1519 1731 la
1535 1688 1819 1744 Compagnia
1835 1687 1882 1730 in

237 1760 424 1818 Dilinga
446 1763 552 1817 quel
573 1764 659 1807 che
680 1762 710 1804 li
733 1765 907 1818 031613,
933 1750 1099 1819 perche
1122 1764 1152 1806 il
1174 1765 1376 1808 cardinal
1397 1765 1471 1808 del
1494 1772 1614 1808 tutto
1631 1780 1680 1810 56
1701 1765 1884 1810 rimette

238 1854 263 1882 a
285 1825 359 1883 lei.
387 1840 574 1895 Quanto
596 1841 639 1882 al
661 1847 845 1893 rettore,
872 1856 920 1885 56
950 1843 1005 1885 V.
1037 1843 1091 1885 R.
1124 1856 1216 1885 non
1251 1842 1422 1887 1150136
1451 1843 1584 1897 altro,
1609 1844 1792 1898 quando
1815 1842 1882 1885 sia

313 2005 321 2024 ¹
374 2002 475 2037 Vide
494 2002 613 2049 epist.
639 2001 722 2047 3173
742 2001 827 2049 323,
848 2016 890 2038 n.
911 2003 946 2047 33
966 2003 1051 2049 325,
1071 2016 1109 2039 n.
1128 2004 1165 2048 6;
1185 2003 1269 2049 326;
1291 2010 1330 2039 et
1348 2004 1432 2048 331,
1452 2017 1491 2040 n.
1512 2016 1548 2050 4.

308 2065 322 2084 ‘²
374 2062 475 2097 Vide
500 2063 615 2109 epist.
636 2061 720 2107 327,
740 2075 777 2098 n.
802 2072 834 2107 13
856 2070 895 2098 et
914 2063 990 2098 11115
1009 2063 1108 2100 3(1(16
1126 2064 1241 2099 aliam
1260 2065 1452 2100 rationem
1472 2067 1521 2100 ab
1547 2065 1630 2112 ipso
1650 2065 1809 2102 Canisio
1829 2067 1883 2101 al-

237 2123 407 2168 legatam
426 2122 466 2157 in
485 2122 650 2168 epistola
669 2131 714 2157 20
739 2122 975 2158 Novembris
997 2123 1096 2168 1563
1113 2124 1248 2159 Lainio
1272 2124 1402 2159 datam
1430 2124 1496 2160 ubi
1520 2125 1616 2160 haec
1634 2125 1701 2160 ait:
1724 2126 1881 2171 «Augu-

239 2188 322 2218 stae
341 2192 387 2227 44
412 2188 523 2229 peste
547 2182 730 2218 dicuntur
755 2183 920 2218 extincti
948 2183 1122 2230 proxima
1153 2184 1384 2230 septimana.
1411 2186 1495 2230 Ego
1519 2186 1667 2232 absque
1699 2185 1884 2220 scandalo

237 2242 462 2277 cathedram
481 2242 663 2277 deserere
682 2244 788 2278 nullo
803 2249 916 2289 pacto
935 2255 1050 2289 posse
1076 2243 1225 2290 uideor,
1261 2244 1491 2290 praesertim
1515 2244 1708 2279 aduentus
1734 2250 1883 2291 tempo-

237 2314 294 2338 re.
315 2303 365 2337 Et
383 2313 476 2337 sane
496 2308 538 2337 ut
556 2302 620 2337 alii
639 2314 773 2349 parum
794 2303 856 2338 hic
871 2308 1051 2339 metuunt
1065 2300 1354 2349 contagionem,
1374 2316 1488 2351 quam
1504 2303 1543 2339 in
1558 2309 1665 2339 tanta
1683 2304 1883 2340 hominum

237 2362 351 2397 turba
370 2361 552 2407 exiguam
572 2373 659 2397 esse
678 2368 857 2408 censent,
877 2362 930 2398 ita
949 2374 1019 2398 nos
1034 2363 1150 2398 etiam
1172 2364 1281 2410 parui
1299 2364 1520 2410 pendimus,
1546 2364 1776 2411 praesertim
1793 2365 1884 2411 quia

238 2423 384 2457 bonurn
403 2423 592 2457 habemus
611 2421 827 2468 dominum,
847 2422 913 2469 qui
932 2434 1001 2457 nos
1020 2429 1228 2459 conseruat
1252 2435 1296 2459 ac
1316 2424 1486 2470 protegit
1511 2424 1550 2460 in
1569 2425 1640 2459 hac
1666 2436 1795 2459 messe
1813 2424 1882 2460 mi-

238 2481 341 2516 nime
361 2481 636 2527 negligenda.»
658 2482 714 2516 Ex
738 2483 965 2528 archetypO,
986 2483 1023 2517 in
1045 2483 1174 2529 Epist.
1197 2483 1369 2526 Canisii,
1390 2484 1421 2527 I,
1445 2483 1511 2519 123
1530 2483 1644 2528 (362).

314 2543 328 2562 ³
379 2541 479 2576 Vide
499 2541 613 2588 epist.
633 2540 717 2586 334,
737 2554 775 2576 n.
800 2550 830 2577 1.
858 2542 933 2577 Die
951 2548 1081 2577 autem
1108 2552 1151 2578 22
1171 2543 1407 2579 Novembris
1434 2543 1524 2588 1563
1548 2545 1644 2579 haec
1668 2543 1716 2579 de
1746 2544 1884 2579 eodem

241 2601 402 2647 negotio
417 2602 609 2637 Polancus
630 2601 819 2638 Madridio
839 2603 1142 2638 transmittebat:
1168 2604 1340 2639 «Hizose
1370 2605 1405 2639 el
1430 2609 1625 2639 contratto
1652 2604 1701 2639 de
1727 2604 1887 2650 Dilinga

241 2671 315 2695 con
347 2662 381 2696 el
413 2661 611 2707 cardenal,
637 2673 687 2697 no
711 2674 823 2697 como
848 2664 964 2698 uenia
990 2662 1185 2698 ordenado
1209 2663 1257 2698 de
1282 2664 1420 2710 Roma,
1445 2663 1530 2698 sino
1554 2675 1665 2699 como
1684 2663 1839 2710 pareci6
1866 2665 1889 2698 a

242 2726 402 2755 nuestro
421 2720 544 2756 Padre
563 2721 733 2768 despues
752 2722 801 2757 de
817 2723 938 2757 hauer
953 2722 1054 2768 oydo
1073 2723 1106 2757 31
1128 2723 1170 2757 Ρ.
1192 2723 1329 2758 Nadal.
1352 2724 1385 2757 Y
1404 2735 1543 2770 parece
1562 2735 1637 2770 que
1663 2724 1699 2758 la
1717 2734 1809 2758 cosa
1827 2734 1892 2758 es-

243 2782 324 2815 tara
344 2780 450 2815 bien.
471 2779 661 2827 Obligase
681 2783 715 2816 el
735 2781 915 2816 cardena]
935 2784 956 2817 a
974 2781 1084 2817 dotar
1102 2782 1150 2817 de
1169 2782 1266 2818 3000
1283 2783 1454 2827 florines3
1474 2794 1628 2829 aunque
1648 2783 1681 2818 al
1702 2788 1886 2829 presente

241 2841 457 2875 solamente
488 2840 537 2875 da
566 2840 671 2876 1800.
700 2841 892 2877 Tambie'n
923 2853 965 2876 se
991 2843 1039 2876 ha
1063 2842 1277 2888 procurado
1301 2854 1377 2889 que
1402 2842 1567 2878 dexasse
1598 2843 1633 2877 al
1659 2842 1784 2877 Padre
1811 2841 1888 2877 don

243 2899 351 2943 Luis,
387 2912 412 2946 y
448 2905 704 2936 suauemente
739 2912 781 2935 se
811 2902 861 2936 ha
893 2901 1157 2948 empetrado.»
1193 2903 1250 2937 Ex
1283 2903 1510 2949 archetypo,
1542 2902 1581 2937 in
1622 2901 1720 2937 Cod.
1759 2902 1885 2944 PLB,

242 2967 314 2994 202
334 2959 451 3005 (198).

315 3020 329 3039 4
379 3018 422 3053 P.
444 3018 667 3055 Ludovicus
686 3019 734 3055 de
754 3020 959 3056 Mendoza.
