1958 3210
174 448 658 503 PROOEMIUM
725 447 1073 502 SECUNDI
1143 448 1582 504 VOLUMINIS

152 852 361 896 Alterum
384 853 522 894 hocce
540 852 751 895 volumen
769 852 1079 907 Epistolmfum
1098 854 1261 895 Patris
1279 854 1435 895 Nadal
1451 855 1685 898 exordium

61 929 187 971 ducit
209 929 264 971 ab
281 927 668 983 EfflaemwiAEbus,
687 942 768 970 seu
791 928 1140 982 commentariis,
1162 929 1207 971 in
1231 930 1395 984 quibus
1414 930 1509 986 ipse
1526 939 1687 975 auctor

62 1005 352 1061 epistolarum
380 1004 557 1060 propria
584 1019 720 1047 manu
748 1004 989 1061 praecipua
1019 1013 1150 1061 gesta
1178 1006 1417 1051 universae
1448 1008 1686 1051 Societatis

61 1081 400 1138 compendiose,
433 1088 478 1125 et
510 1096 581 1126 res
603 1097 629 1124 a
660 1081 810 1137 seipso
840 1082 1049 1138 peractas
1074 1098 1099 1125 a
1127 1098 1210 1126 suo
1239 1084 1284 1125 in
1314 1084 1587 1128 Societatem
1616 1085 1686 1127 in—

59 1173 219 1215 gressu
244 1173 386 1214 usque
409 1159 465 1200 ad
487 1158 614 1201 initia
636 1159 862 1202 secundae
885 1158 1025 1214 ipsius
1053 1159 1099 1202 in
1123 1160 1412 1204 Germaniam
1436 1162 1685 1217 expeditio·

57 1234 127 1278 nis
172 1234 314 1278 fusius
359 1242 663 1290 prosequutus
701 1242 769 1278 est
807 1236 1113 1292 (1546—1562).
1156 1237 1421 1292 Sequuntur
1458 1240 1685 1294 Epistola&

58 1312 255 1364 Natalis,
278 1312 344 1354 vel
366 1313 425 1354 ad
448 1314 595 1367 ipsum
619 1312 761 1365 datae,
786 1306 842 1354 ab
865 1327 982 1354 anno
1013 1314 1119 1367 1562
1144 1315 1200 1355 ad
1230 1315 1355 1369 1565.

855 1472 883 1511 Ι

452 1625 504 1665 Ρ.
541 1623 811 1666 NATALIS
844 1623 1281 1667 EPHEMERIDES

140 1777 300 1833 Incipit
337 1791 449 1833 ergo
478 1778 834 1833 Ephemerz'dum
872 1778 1194 1834 chronologica
1231 1778 1428 1820 narratio
1467 1779 1523 1821 ab
1561 1793 1679 1822 anno

56 1855 187 1908 1546,
219 1854 297 1896 ubi
325 1854 490 1898 desinit
521 1854 777 1897 Clzrom'con
806 1854 1057 1897 vocationis
1086 1854 1227 1910 ipsius
1255 1854 1451 1909 Natalis,
1485 1857 1604 1911 quod
1633 1856 1678 1901 in

47 1930 144 1987 ipso
179 1931 405 1976 vestibulo
442 1931 571 1987 primi
609 1931 849 1974 voluminis
887 1932 1171 1986 protulimus.
1214 1931 1454 1974 Clauditur
1492 1932 1678 1975 ineunte

48 2018 202 2052 mense
230 2010 445 2064 Augusto
476 2008 581 2051 anni
610 2009 736 2062 1562,
770 2023 859 2063 quo
889 2015 1090 2063 tempore
1120 2008 1294 2051 Natalis
1325 2024 1379 2052 ex
1409 2010 1554 2053 Fonte
1584 2011 1678 2052 leo-

47 2084 190 2128 diensi
213 2086 268 2128 ad
290 2086 604 2141 perlustranda
626 2085 897 2128 Germaniae
920 2085 1111 2149 collegia
1133 2087 1418 2141 properabat.

135 2161 295 2206 Merito
318 2162 459 2218 igitur
481 2176 669 2205 aureum
692 2164 778 2205 hoc
800 2171 1144 2204 monumentum
1162 2161 1362 2217 epistolis
1381 2163 1568 2205 secundi
1591 2177 1676 2205 vo-

48 2238 228 2282 luminis
259 2239 638 2294 praemittendum
673 2239 905 2290 duximus,
939 2239 1060 2293 quod
1089 2253 1144 2283 ex
1173 2253 1263 2280 una
1298 2246 1425 2294 parte
1453 2253 1674 2282 summam

49 2314 179 2357 nobis
194 2310 380 2359 'exhibet
404 2316 656 2359 ordinatam
679 2331 833 2360 earum
863 2330 1028 2368 rerum,
1055 2330 1170 2370 quae
1199 2329 1278 2370 per
1307 2322 1453 2358 totum
1482 2315 1674 2371 primum

46 2391 257 2433 volumen
278 2392 323 2436 in
344 2393 543 2448 epistolis
567 2393 665 2436 fuse
689 2399 922 2436 enarratae
939 2393 1139 2444 fuerunt,
1161 2406 1216 2434 ex
1234 2392 1374 2435 altera
1391 2406 1498 2435 vero
1522 2392 1673 2447 plures

43 2467 243 2520 lacunas,
270 2483 384 2523 quae
405 2485 461 2513 ex
479 2469 769 2526 epistolarum
792 2468 1032 2512 amissione
1061 2475 1384 2520 remanserant,
1411 2468 1672 2511 authentica

40 2543 182 2599 ipsius
205 2545 376 2588 Natalis
399 2546 653 2590 narratione
677 2547 889 2602 complet,
910 2546 1183 2600 easdemque
1201 2544 1412 2601 epistolas
1431 2552 1476 2589 et
1494 2551 1668 2588 caetera

39 2619 205 2676 scripta
227 2621 298 2663 vel
320 2621 513 2666 illustrat
534 2623 607 2667 vel
629 2623 882 2665 confirmat.

128 2696 202 2740 Nil
224 2696 363 2753 igitur
384 2698 545 2742 mirum
568 2701 648 2742 has
671 2699 996 2754 Eplzemerides
1019 2714 1044 2742 a
1076 2698 1323 2741 clarissimo
1346 2697 1559 2740 historiae
1582 2698 1666 2741 So-

40 2773 214 2816 cietatis
252 2773 468 2830 scriptore
504 2775 727 2820 Sacchino
765 2775 918 2832 magni
955 2759 1213 2819 aestimatas
1243 2774 1402 2828 fuisse,
1435 2774 1667 2829 multaque

37 2849 166 2892 illum
190 2865 245 2894 ex
267 2850 390 2894 hisce
414 2853 744 2896 commentariis
767 2859 1015 2907 mutuasse,
1041 2852 1119 2895 ubi
1141 2851 1319 2908 scripsit
1336 2853 1391 2896 de
1410 2850 1665 2893 turbinibus
