1958 3210
253 181 322 217 268
718 180 860 215 EPIST.
889 178 936 212 P.
969 177 1237 223 NADAL—271
1267 187 1320 214 ET
1347 187 1414 223 272

1014 370 1121 411 221

575 471 641 511 P.
694 468 1241 512 HIERONYMUS
1288 469 1565 512 NADAL

763 575 923 610 PATRI
952 573 1158 621 JACOBO
1187 575 1380 610 LAINEZ

645 668 892 703 TlRNAVIAE,
922 668 966 693 22
995 668 1049 694 ET
1076 668 1121 703 24
1147 667 1309 694 APRlLls
1339 658 1429 703 1563
1459 661 1489 695 ¹.

616 743 778 778 Natalis
811 743 1028 790 collegium
1069 742 1330 778 Tirrzaviense
1365 743 1524 778 invisit.

340 828 679 870 Desiderantur
708 827 791 869 hae
822 827 952 869 bircae
981 827 1174 879 litterae,
1204 841 1401 882 quarum
1430 832 1759 884 argumentum
1788 829 1890 872 bre-
1947 840 1951 856 ¹

249 907 364 948 viter
387 906 692 947 adumbratur
710 906 759 946 in
778 905 961 960 epistola
979 906 1080 958 276,
1103 919 1149 946 n.
1179 915 1218 956 I,
1241 904 1317 946 ubi
1339 904 1447 946 haec
1473 906 1538 947 ait
1555 906 1785 949 Polancus
1807 921 1888 949 no—

249 984 372 1026 mine
396 984 536 1026 Patri
559 983 749 1026 Lainez:
776 984 898 1024 «Dos
920 982 1058 1024 letras
1081 982 1236 1024 breues
1259 982 1311 1024 de
1342 983 1391 1024 V.
1422 983 1480 1024 R.
1507 983 1560 1024 de
1590 983 1816 1026 Tirnauz'a
1837 984 1890 1027 de

250 1073 307 1104 22
325 1077 354 1118 y
377 1074 434 1114 24
456 1061 527 1103 del
542 1060 741 1116 passado
763 1060 823 1102 lta
845 1060 1051 1102 receuido
1081 1060 1141 1102 N.
1177 1061 1235 1102 P.
1272 1061 1314 1102 Y
1334 1075 1391 1102 no
1406 1061 1556 1116 podra
1583 1062 1684 1103 sino
1711 1061 1890 1118 ayudar
1943 1050 1950 1111 ἶ,

247 1140 408 1182 macho
422 1145 545 1194 para
568 1153 666 1180 essa
689 1138 798 1180 obra
821 1139 864 1180 la
886 1138 1026 1180 uisita
1048 1138 1100 1179 de
1127 1138 1175 1180 V.
1203 1139 1260 1180 R.
1274 1155 1291 1177 »
1318 1139 1393 1180 Ex
1415 1138 1576 1194 quibus
1591 1139 1739 1181 verbis
1761 1140 1889 1182 erui-

249 1221 326 1259 tar
355 1218 404 1259 in
433 1221 575 1271 supra
606 1215 738 1257 dictis
767 1216 981 1270 epistoliS,
1012 1218 1060 1257 ut
1080 1220 1172 1270 par
1200 1218 1311 1267 erat,
1341 1215 1393 1257 de
1423 1214 1654 1270 Societatis
1674 1220 1809 1271 opera
1838 1218 1889 1260 in

258 1295 481 1337 Tirnavia
504 1294 716 1336 Natalem
741 1293 1029 1335 disseruisse.

1013 1459 1133 1499 2⁷⁶2

725 1563 772 1597 P.
805 1562 1046 1608 JOANNES
1072 1562 1142 1597 DE
1168 1561 1420 1599 POLANCO

891 1658 939 1681 ex
967 1646 1242 1681 commissione

508 1732 753 1775 PATRI
804 1731 1302 1774 HIERONYMO
1350 1732 1629 1774 NADAL

612 1835 827 1871 TRIDENTI,
855 1833 899 1866 27
926 1834 1006 1860 VEL
1032 1825 1077 1860 28
1104 1833 1265 1860 APRILIS
1290 1823 1336 1869 (Ρ)
1365 1824 1455 1870 1563
1481 1828 1514 1861 “-’.

344 1911 627 1947 Snrnmarium
643 1910 891 1957 proponitur
910 1921 1048 1944 rerum
1069 1910 1122 1944 ad
1140 1909 1330 1945 Natalem
1348 1910 1421 1945 hac
1439 1910 1503 1945 die
1521 1910 1768 1957 scriptarum
1781 1937 1789 1944 .

336 1996 468 2039 Della
489 2001 633 2038 morte
655 1993 728 2036 del
750 1994 888 2048 padre
920 1993 1149 2045 d'Ermes,
1182 2008 1206 2036 e
1230 1993 1275 2035 di
1302 1994 1489 2036 mandar
1518 2008 1608 2036 una
1630 2009 1821 2050 procura
1843 1994 1885 2038 al

247 2088 331 2117 suo
355 2072 530 2115 fratello
545 2107 554 2125 ,
579 2086 604 2114 e
627 2085 676 2114 se
698 2069 728 2112 li
750 2070 916 2112 mando
945 2071 1095 2125 quello
1123 2072 1208 2114 che
1234 2070 1396 2113 scrisse
1418 2071 1448 2113 il
1478 2073 1528 2114 P.
1561 2072 1791 2114 Euerardo
1814 2072 1887 2115 del
1946 2067 1953 2123 ’,

246 2165 329 2194 suo
349 2155 634 2194 testamento.
657 2148 754 2191 Che
773 2149 886 2190 Μ.ῐο
905 2146 1057 2189 Pietro
1076 2148 1263 2203 Vngaro
1282 2149 1295 2168 ⁵
1321 2147 1437 2190 saria
1454 2147 1542 2191 ben
1560 2148 1772 2192 studiassi
1789 2148 1882 2205 pin,

248 2244 272 2272 e
302 2226 567 2270 Hieronimo
591 2227 682 2268 Ros
707 2225 824 2267 forse
847 2224 1015 2267 andara
1037 2239 1062 2266 a
1084 2223 1246 2280 Napoli
1269 2239 1348 2279 per
1371 2224 1399 2266 il
1422 2239 1565 2269 corso.
1593 2226 1654 2270 Se
1675 2225 1705 2268 li
1728 2240 1883 2269 raeco·
1946 2261 1956 2282 ,

320 2363 327 2381 ¹
380 2359 439 2394 Ex
461 2358 627 2404 epistola
646 2340 729 2401 276,
748 2368 787 2391 n.
811 2364 843 2400 1,
867 2355 964 2390 Cod.
994 2365 1036 2400 33
1055 2355 1112 2400 d),
1133 2354 1200 2390 f01.
1220 2354 1259 2390 3.

316 2422 329 2441 2
381 2420 440 2454 Ex
457 2418 649 2463 Regesto‚
672 2415 767 2451 Cod.
789 2425 833 2461 33
850 2417 899 2459 c),
919 2414 987 2450 fol.
1008 2423 1090 2460 291.
1111 2415 1156 2450 In
1176 2415 1363 2461 margine:
1385 2417 1433 2450 P.
1455 2416 1599 2452 Natal.
1630 2417 1884 2453 Desideratur
1949 2435 1955 2442 «

246 2478 446 2515 annotatio
464 2477 558 2520 diei,
577 2476 616 2512 in
634 2487 710 2523 qua
723 2476 820 2510 haec
835 2475 999 2521 epistola
1014 2474 1157 2521 scripta
1172 2473 1257 2511 fuit,
1275 2474 1354 2510 Sed
1368 2476 1550 2522 quoniam
1565 2482 1653 2523 post
1668 2476 1768 2523 illas,
1783 2489 1883 2524 quae

243 2538 307 2574 die
326 2546 369 2583 27
388 2537 501 2572 datae
519 2536 644 2582 fuere,
664 2540 704 2570 et
722 2540 812 2570 ante
831 2534 925 2569 alias
944 2533 991 2568 ad
1009 2533 1113 2568 diem
1132 2543 1177 2578 29
1195 2540 1419 2580 spectantes
1437 2535 1643 2581 reperitur,
1662 2536 1764 2572 circa
1778 2536 1881 2572 diem
1951 2579 1953 2582 Α

245 2599 289 2633 28
308 2602 505 2634 exaratam
524 2596 646 2631 fuisse
665 2594 789 2642 primo
807 2593 950 2629 intuitu
968 2593 1075 2628 credi
1094 2599 1239 2640 posset.
1260 2593 1360 2629 Cum
1379 2605 1474 2630 vero
1488 2594 1528 2630 in
1543 2595 1678 2630 eodem
1693 2596 1878 2642 Regesto‚
1952 2629 1958 2641 ,

243 2659 308 2693 fol.
331 2657 415 2703 298,
434 2658 530 2691 haee
550 2655 627 2690 sint
646 2659 843 2690 annotata:
866 2654 945 2688 P.e
965 2653 1111 2688 Dottor
1128 2653 1311 2689 Hermes.
1333 2654 1381 2689 Se
1400 2654 1432 2689 li
1448 2655 1587 2690 scrisse
1610 2656 1715 2690 detto
1733 2656 1882 2703 giorno
1944 2670 1950 2680 ’ν

244 2719 281 2764 [4
299 2717 406 2763 Maji]
424 2716 532 2751 della
550 2718 676 2750 morte
695 2714 759 2749 del
776 2725 846 2748 suo
860 2714 1005 2760 padre,
1027 2715 1063 2747 et
1080 2713 1144 2747 che
1163 2714 1307 2748 mandi
1333 2725 1415 2748 una
1433 2717 1614 2760 procura
1638 2715 1680 2749 al
1696 2725 1767 2750 suo
1785 2714 1880 2762 fra-

244 2778 350 2822 tell03
373 2775 614 2822 suspicamur
634 2774 751 2809 etiam
771 2774 842 2808 hae
869 2772 932 2807 die
956 2771 1065 2806 datas
1089 2771 1210 2807 fuisse
1236 2773 1322 2808 illas
1347 2773 1496 2808 litteras
1521 2773 1568 2808 ad
1589 2773 1781 2819 Natalem;
1802 2786 1879 2810 non

244 2838 348 2873 enim
367 2835 580 2871 verisimile
599 2834 753 2869 videtur
772 2832 988 2868 nuntiatam
1006 2831 1128 2867 fuisse
1153 2837 1317 2868 mortem
1342 2832 1513 2879 parentis
1540 2832 1620 2869 filio
1643 2839 1794 2881 septem
1817 2835 1879 2870 vel
1954 2878 1958 2893 ⁴

242 2891 335 2949 octo*
347 2895 486 2931 diebus
505 2899 592 2941 post
610 2905 724 2940 quam
743 2892 791 2927 de
810 2892 873 2927 illa
892 2891 1021 2927 Natali
1039 2891 1224 2938 scriptum
1243 2891 1381 2928 fuerat.

313 2957 326 2976 ³
379 2955 549 2990 «Petrus
573 2954 821 3000 Hngarus.
851 2951 983 2986 Pierre
1009 2951 1185 2986 Hernath
1211 2956 1320 2986 entra
1345 2963 1393 2987 au
1417 2952 1587 2988 noviciat
1609 2952 1657 2988 de
1680 2953 1802 2988 Rome
1829 2964 1878 2988 en

246 3023 352 3061 1559.
378 3015 408 3049 Il
428 3019 610 3049 retourna
630 3024 679 3047 en
697 3011 887 3057 Hongrie,
908 3011 1019 3057 apres
1038 3010 1146 3046 avoir
1164 3010 1243 3057 pris
1268 3012 1304 3046 le
1322 3011 1443 3057 grade
1457 3011 1505 3047 de
1520 3013 1693 3048 Docteur
1704 3024 1753 3048 en
1772 3014 1879 3048 theo·
1951 3030 1958 3036 -
