1958 3210
261 153 306 188 28
821 155 863 189 P.
893 155 1078 190 NATALls
1105 156 1324 192 EPHEMER.

258 261 438 298 mantur
462 254 614 297 nescio
638 255 795 309 quanti
824 256 850 307 ¹,
876 256 946 298 31
972 271 1028 298 an
1052 257 1231 299 duobus
1253 256 1449 311 milibus3
1476 272 1590 313 quos
1607 272 1695 314 ego
1712 259 1885 303 reditus

256 331 414 375 censui
436 332 714 383 vendendos3
741 346 899 375 verum
922 332 967 374 id
990 348 1081 375 non
1098 333 1195 376 ausi
1218 341 1325 376 sunt
1344 335 1491 379 facere
1508 343 1691 391 propter
1708 342 1881 389 notam,

259 422 374 462 quae
391 407 629 451 videbatur
645 408 884 463 prouenire
902 408 980 461 illi,
1001 409 1078 464 qui
1095 411 1345 465 legauerat.
1368 410 1579 466 Visitaui,
1602 420 1708 466 etc.;
1730 420 1775 456 et
1792 414 1884 456 col-

256 484 346 540 legi
370 484 604 536 rationem,
626 499 714 539 qua
732 492 884 540 posset
901 485 1012 528 illud
1030 486 1273 542 collegium
1291 488 1486 542 fundari,
1513 489 1549 532 si
1578 489 1882 546 coniungere--

255 568 328 603 tur
364 561 606 617 collegium
643 561 842 617 episcopi
880 562 1185 606 maioricensis
1223 563 1454 616 Societati,
1482 567 1602 620 quod
1634 566 1885 609 arbitrabar

254 653 388 694 posse
406 653 564 682 curare
582 639 653 683 vel
669 638 804 682 etiam
822 640 1045 682 conficere
1069 640 1329 683 Araozium.
1356 641 1482 684 Dixit
1503 642 1612 685 mihi
1636 643 1880 695 orationes,

252 715 417 770 quibus
446 717 559 758 solet
582 715 645 758 vti
683 715 727 757 in
750 716 1063 759 curationibus
1100 717 1194 760 suis
1221 720 1270 760 P.
1299 718 1506 762 Michael:
1534 719 1658 762 visus
1682 720 1744 762 fui
1767 734 1885 762 non-

252 792 362 835 nihil
385 794 536 836 subito
559 793 718 837 melius
745 796 929 848 habere,
955 802 1026 838 etc
1049 796 1081 838 ².

343 913 422 955 32
964 915 1162 958 LOYOLE

341 1027 445 1069 Fuit
462 1026 569 1069 mihi
586 1027 893 1083 gratissimum
912 1027 1066 1071 videre
1083 1029 1231 1071 natale
1249 1029 1394 1071 solum
1415 1035 1459 1072 et
1475 1029 1658 1072 domum
1675 1030 1727 1071 P.
1748 1030 1879 1085 Igna·

252 1104 316 1159 tij.
344 1104 549 1147 Salutaui
573 1105 662 1146 don
686 1105 793 1147 Ioan
815 1105 871 1148 de
896 1105 1081 1161 Borgia,
1108 1104 1250 1148 filium
1276 1107 1326 1148 P.
1355 1107 1390 1148 F
1394 1105 1600 1158 rancisci‚
1627 1106 1703 1161 qui
1733 1108 1880 1150 duxe-

250 1188 319 1224 rat
340 1196 525 1225 onrem
548 1182 742 1224 donnam
767 1181 1057 1225 Laurentiam
1080 1189 1261 1238 neptem
1285 1198 1341 1226 ex
1365 1184 1499 1226 fratre
1519 1186 1570 1226 P.
1592 1183 1753 1239 Ignatij
1778 1185 1879 1227 vni-

248 1272 348 1301 cam
371 1266 416 1301 et
438 1260 679 1302 haeredem
703 1260 863 1301 domus
885 1260 1135 1315 loyolanae.
1164 1260 1252 1302 Hic
1273 1259 1366 1302 vidi
1384 1261 1533 1303 locum
1557 1261 1633 1304 vbi
1654 1269 1789 1304 natus
1811 1270 1881 1306 est

252 1337 303 1378 P.
346 1336 567 1392 Ignatius,
610 1336 686 1391 qui
725 1337 852 1379 locus
880 1344 988 1379 erat·
1007 1351 1257 1380 conuersus
1280 1337 1326 1380 in
1364 1337 1583 1380 culinam:
1616 1339 1737 1393 quod
1771 1338 1880 1381 mihi

249 1412 397 1455 visum
415 1420 483 1456 est
501 1413 754 1470 indignum.
776 1414 993 1457 Concessi
1010 1415 1099 1457 don
1117 1414 1304 1458 Iohanni
1324 1417 1375 1457 P.
1400 1416 1663 1467 Cassellam,
1686 1430 1820 1470 quem
1848 1415 1854 1473 Ι

250 1491 302 1533 Ρ.
325 1490 549 1533 Araozius
577 1490 705 1546 quasi
743 1492 1025 1547 capellanum
1058 1493 1434 1548 [postulaverat?].
1471 1492 1594 1535 Nihil
1622 1493 1755 1548 plane
1783 1493 1879 1549 egit

248 1569 300 1610 P.
328 1567 532 1623 Ignatius
555 1569 611 1610 ad
639 1568 971 1611 conficiendum
1000 1568 1334 1611 matrimonium
1364 1570 1466 1620 hoc,
1500 1576 1636 1624 atque
1664 1570 1778 1613 adeo
1807 1569 1878 1612 in—

247 1645 399 1689 tellexi
422 1660 510 1701 ego
535 1645 672 1689 fuisse
690 1645 752 1687 illi
770 1645 1017 1702 ingratum,
1039 1652 1083 1688 et
1101 1645 1208 1688 mihi
1226 1645 1407 1700 quidem
1426 1645 1555 1689 dixit:
1582 1647 1718 1690 «Dios
1736 1662 1795 1690 no
1812 1648 1879 1692 les

245 1721 444 1766 aiudara.
458 1742 474 1762 »
502 1724 738 1767 Habuerat
755 1722 954 1765 animum
972 1723 1139 1766 serium
1157 1724 1213 1765 ad
1231 1723 1505 1767 Societatem
1524 1724 1614 1767 don
1632 1725 1871 1779 Iohannes,

243 1806 289 1842 et
318 1807 413 1843 erat
441 1800 669 1856 pollicitus
698 1799 891 1856 collegio
919 1814 1105 1843 romano
1130 1810 1215 1854 500
1252 1810 1316 1853 Δ;
1351 1801 1430 1843 sed
1457 1800 1569 1843 illud
1594 1800 1873 1857 propositum

244 1876 455 1929 mutauit,
481 1879 567 1920 hoc
590 1893 681 1920 non
702 1877 852 1934 potuit
874 1878 1071 1933 explere.

331 1954 452 1997 Hinc
476 1955 662 1999 discessi
684 1956 1114 2011 Caesaraugustam,
1142 1962 1187 1999 et
1209 1969 1264 1998 ex
1281 1954 1444 1999 itinere
1466 1955 1663 1999 salutaui
1685 1957 1742 1998 D.
1770 1959 1874 2001 Mo-

240 2046 438 2086 scosum,
458 2032 719 2088 episcopum
734 2032 1135 2088 pampilonensem,
1153 2031 1230 2087 qui
1243 2039 1338 2076 erat
1352 2032 1398 2074 in
1414 2032 1686 2077 visitatione:
1705 2034 1784 2075 33
1798 2034 1874 2077 de-

239 2109 306 2151 dit
328 2109 523 2165 aliquam
546 2125 671 2165 spem
693 2109 898 2165 erigendi
921 2108 1098 2165 collegij
1126 2109 1432 2165 Pampilonae.
1455 2111 1504 2152 In
1522 2124 1575 2154 eo
1592 2124 1714 2166 pago
1733 2111 1875 2153 decu-

239 2187 403 2231 buerat
431 2188 445 2208 5
482 2189 534 2230 P.
566 2186 770 2243 Ignatius
799 2187 824 2228 8
854 2187 869 2207 ‘⁴
898 2186 1010 2239 dies,
1043 2201 1182 2241 quum
1210 2187 1474 2229 vulneratus
1502 2187 1689 2229 domum
1717 2202 1875 2243 repor-

240 2270 412 2307 taretur
436 2263 700 2320 Pampilona
725 2266 755 2307 ⁵.

326 2341 405 2384 34
847 2342 1268 2385 CAESARAUGUSTE

326 2420 432 2463 Huc
455 2434 754 2464 euocaueram
774 2421 825 2462 P.
852 2419 942 2461 don
963 2418 1163 2474 Diegum
1180 2425 1226 2460 et
1242 2419 1474 2461 doctorem
1493 2419 1728 2471 Loartum,
1751 2419 1872 2463 vnde

238 2496 339 2539 misi
362 2496 693 2539 Barchinonam
715 2504 765 2539 vt
787 2496 1147 2539 conscenderent
1171 2494 1391 2539 triremes.

306 2618 316 2637 ¹
368 2616 470 2651 Nota
503 2628 524 2650 a
544 2616 673 2651 Natali
703 2616 765 2651 hic
790 2615 964 2651 adhibita
995 2615 1190 2661 significat
1214 2615 1308 2650 alias
1339 2616 1460 2660 qumi,-
1490 2615 1552 2650 hic
1576 2596 1707 2650 aute'm
1731 2626 1870 2650 sensus

232 2676 379 2721 quanti
397 2676 594 2722 postulare
613 2676 782 2711 videtur.

301 2738 315 2756 ‘-'
367 2736 449 2770 Fol.
471 2734 511 2769 31
535 2747 572 2770 v.
591 2736 737 2771 nullam
756 2736 874 2770 habet
894 2735 1139 2782 scripturam.

303 2795 317 2815 ³
367 2795 411 2829 In
430 2806 505 2830 ms.
527 2794 739 2841 repetitum
759 2800 819 2830 est
832 2795 905 2829 hoc
920 2796 1101 2829 verbum.

300 2855 315 2874 ⁴
365 2853 453 2888 Non
467 2855 569 2889 clare
584 2859 744 2900 apparet
758 2865 806 2888 an
820 2853 844 2888 8
863 2855 925 2889 vel
940 2854 987 2888 18
1007 2853 1195 2900 scriptum
1214 2851 1349 2888 fuerit.
1372 2852 1618 2888 Probabilius
1640 2857 1824 2899 putamus
1837 2852 1865 2886 8

229 2914 441 2961 legendum
461 2924 561 2949 esse.

300 2976 314 2996 ⁵
364 2974 408 3008 In
426 2972 493 3008 fol.
514 2972 560 3008 33
579 2985 616 3008 v.
637 2973 689 3008 nil
707 2972 894 3019 scriptum
908 2972 993 3009 fuit.
