1958 3210
838 158 928 193 1554
1653 153 1696 188 27

667 295 1013 343 VALLISOLET1,
1042 293 1101 333 2.⁰

164 409 373 461 Visitaui,
400 406 576 450 tametsi
600 404 732 461 pauci
756 410 899 456 erant;
926 417 1017 445 non
1039 402 1192 444 audiui
1217 410 1366 445 tamen
1389 400 1568 456 Araozij
1594 414 1699 443 con-

74 487 313 533 fessionem
341 483 610 541 generalem.
652 479 829 536 Reliqui
852 487 1003 522 tamen
1029 478 1093 520 illi
1123 478 1383 521 familiarem
1407 484 1452 520 et
1480 484 1699 521 secretam

74 561 431 616 instructionem,
455 559 503 601 in
524 574 614 615 qua
641 557 941 601 admonebam
970 556 1117 611 ipsum
1151 555 1414 598 nominatim
1442 569 1597 598 earum
1628 568 1700 597 re—

71 657 186 693 rum,
212 653 327 695 quae
348 638 395 680 in
417 637 514 693 ipso
532 637 824 679 notabantur.
847 634 1091 677 Habebant
1108 632 1181 675 hic
1198 632 1244 674 in
1262 631 1472 674 cubiculo
1489 646 1699 688 magnam

70 717 246 774 copiam
267 713 621 764 confectionum,
648 719 735 754 etc.
762 710 867 754 Dixi
889 709 961 752 hic
991 716 1035 753 et
1064 709 1110 750 in
1141 707 1422 763 Portugallia
1444 723 1501 751 ne
1523 708 1701 764 accipe-

70 801 194 839 retur
215 792 455 848 quicquam
478 788 737 832 huiusmodi
760 788 834 831 vel
856 786 1039 829 omnino
1068 785 1156 828 cibi
1178 784 1466 837 delicatioris,
1492 784 1577 827 nisi
1606 792 1703 828 erat

68 871 181 913 illud
201 884 281 926 pro
305 868 483 910 infirmo
501 866 651 922 aliquo
674 864 721 907 in
743 862 1000 920 praesentia
1022 861 1326 906 necessarium
1354 863 1381 902 ¹.

166 988 241 1032 28
261 1002 296 1030 v
752 985 1033 1027 PALENTIAE

168 1101 232 1144 Ibi
255 1100 436 1156 aliquod
456 1098 632 1141 initium
654 1097 821 1140 iecerat
845 1098 896 1139 P,
924 1094 1236 1139 Ferdinandus
1259 1094 1470 1138 AluareZ.
1498 1095 1588 1137 Res
1610 1101 1706 1137 erat

80 1178 321 1222 admodum
343 1175 519 1219 debilis:
546 1180 675 1219 erant
696 1174 805 1216 duo:
833 1172 1027 1227 aliquem
1059 1172 1256 1213 fructum
1283 1170 1547 1215 afferebant:
1580 1185 1706 1213 soror

81 1257 236 1312 Vegae
257 1254 303 1296 id
329 1254 534 1297 voluerat
562 1265 660 1294 esse
690 1249 974 1306 principium.
1008 1247 1219 1299 Visitaui,
1252 1255 1339 1291 etc.
1366 1247 1471 1291 Dixi
1500 1262 1617 1303 quae
1638 1248 1707 1290 vi—

78 1332 301 1375 debantur
321 1331 353 1372 ².

167 1450 246 1493 29
267 1463 301 1492 v
781 1446 1012 1495 TREUINIJ

169 1564 235 1605 Ex
256 1561 416 1604 itinere
444 1560 548 1603 veni
576 1574 681 1602 cum
711 1560 762 1600 P.
798 1557 1045 1599 Emanuele
1067 1556 1124 1598 ad
1152 1557 1239 1598 hoc
1266 1555 1495 1611 oppidum,
1527 1563 1711 1611 propter

81 1640 320 1697 quemdam
345 1636 711 1693 ludimagistrum
742 1636 931 1678 Peream
963 1640 1008 1677 et
1046 1633 1373 1686 Sandoualum,
1406 1632 1547 1675 filium
1581 1632 1710 1676 ducis

82 1715 343 1767 naiarensis,
364 1729 478 1770 quos
495 1713 805 1757 intellexeram
822 1717 1026 1766 spectare
1044 1710 1101 1752 ad
1119 1709 1410 1753 Societatem.
1432 1711 1501 1752 De
1518 1709 1711 1751 ludima-

82 1793 225 1850 gistro
248 1807 319 1837 res
337 1807 428 1834 non
451 1798 546 1835 erat
569 1796 760 1832 matura:
788 1788 844 1832 de
866 1787 1127 1831 Sandoualo
1144 1793 1255 1839 erat3
1276 1801 1397 1838 nam,
1418 1801 1557 1842 quum
1581 1794 1714 1830 antea

81 1885 172 1913 non
193 1869 414 1926 potuisset
441 1884 466 1911 a
496 1875 622 1923 patre
650 1866 889 1922 impetrare
919 1863 1162 1917 licentiam,
1191 1861 1299 1906 tunc
1322 1870 1555 1920 receperat
1587 1878 1714 1906 com—

82 1948 280 1991 modum.
307 1948 445 1989 Hunc
467 1944 634 1988 abduxi
658 1945 893 1988 Onnatum
918 1943 950 1984 ⁵.

173 2068 259 2110 30
281 2080 315 2109 v
798 2062 1005 2105 ONNATE

175 2179 264 2222 Hic
280 2185 376 2223 erat
395 2180 447 2221 P.
475 2177 684 2228 Michael,
705 2188 943 2225 nauarms,
970 2172 1046 2227 qui
1063 2171 1405 2216 existimabatur
1422 2174 1590 2218 habere
1607 2188 1714 2230 gra—

89 2256 193 2300 tiam
230 2255 491 2299 sanitatum.
539 2255 792 2298 Sanauerat
838 2250 1012 2305 aliquot
1063 2249 1252 2305 Tyburi:
1294 2257 1536 2294 sanauerat
1573 2252 1715 2294 Roma

92 2335 144 2376 P.
170 2334 417 2376 Polancum
440 2347 496 2376 ex
517 2328 775 2374 vehementi
798 2328 924 2371 febre
947 2327 991 2368 in
1014 2328 1100 2369 hac
1117 2326 1320 2383 regione,
1341 2335 1386 2371 et
1408 2327 1453 2369 in
1475 2327 1636 2372 itinere
1660 2329 1716 2370 ad

92 2410 278 2466 patriam
301 2410 480 2453 multos.
513 2409 654 2451 Erant
689 2403 1115 2456 incommodissime,
1147 2403 1294 2447 diuiso
1314 2405 1446 2448 horto
1468 2420 1548 2461 per
1576 2405 1716 2448 solam

93 2500 244 2542 sepem
267 2502 293 2530 a
313 2486 473 2530 vicinis
496 2486 528 2530 ⁴.
555 2485 800 2529 Habebant
821 2480 1003 2537 quidem
1026 2480 1180 2527 nescio
1199 2487 1309 2537 quot
1326 2495 1464 2526 onera
1480 2497 1716 2539 pomorum

90 2577 149 2607 ex
169 2563 425 2618 donatione,
445 2577 562 2619 quae
578 2570 674 2605 tum
691 2562 814 2617 quod
831 2569 982 2605 essent
1000 2561 1267 2618 antiquitate
1285 2559 1559 2612 cantabrica,
1582 2560 1719 2604 aesti—

169 2787 178 2806 ¹
229 2785 292 2820 Nil
312 2785 497 2832 scriptum
516 2784 555 2819 in
574 2784 640 2819 fol.
658 2783 702 2818 28
721 2797 755 2818 r.

167 2846 181 2866 ²
231 2844 314 2879 Fol.
335 2854 380 2889 29
397 2857 415 2879 r
448 2855 614 2879 vacuum
632 2849 823 2878 remanet.

171 2903 185 2923 ⁵
234 2902 297 2938 Nil
317 2903 356 2938 in
373 2903 440 2939 fol.
459 2902 505 2938 30
521 2916 552 2939 r.
573 2903 761 2949 scriptum
780 2908 854 2938 est.

170 2964 186 2984 ⁴
235 2964 325 3008 Ms.,
344 2963 482 2998 vicini.
