1958 3210
242 236 313 272 610
855 235 996 269 EPIST.
1030 234 1076 268 Ρ.
1112 233 1262 270 NADAL

243 338 364 380 dine:
391 344 435 379 et
459 336 629 393 gratias
658 343 850 391 quantas
880 349 1120 391 possumus
1148 335 1368 379 maximas
1398 337 1561 379 Rev.ae
1591 338 1646 380 V.
1682 336 1875 393 agimus,

241 398 363 452 quod
387 398 445 439 R.
479 398 530 440 P.
564 396 772 439 Natalem
801 396 858 438 ad
886 394 1129 451 collegium
1158 401 1363 438 nostrum
1390 395 1665 439 visitandum
1688 396 1873 441 miserit.

242 460 329 500 Per
352 456 555 511 integras
578 463 669 499 tres
691 455 966 511 septimanas
988 455 1108 511 apud
1137 470 1219 498 nos
1241 469 1424 500 manere
1452 455 1666 512 dignatus
1696 463 1780 510 est,
1806 464 1876 499 at-

240 530 328 572 que
350 515 521 558 vtinam
545 514 731 568 diutius;
758 515 998 570 plurimum
1023 529 1105 557 nos
1126 522 1171 558 et
1199 514 1315 558 iuuit
1346 523 1390 558 et
1418 516 1678 558 consolatus
1699 523 1783 558 est.
1810 518 1876 560 Re

239 575 335 630 ipsa
357 589 480 618 nunc
503 573 674 630 experti
697 589 854 617 sumus
876 589 983 618 vere
1000 581 1238 630 paternum
1256 582 1301 617 et
1318 590 1590 631 propensum
1609 574 1749 630 ipsius
1766 590 1876 632 erga

240 634 531 678 Germaniam
554 633 770 676 animum.
798 633 1099 689 Quotidianas
1122 635 1450 690 propemodum
1469 635 1525 677 de
1543 634 1782 679 Societatis
1805 635 1876 677 in-
1930 680 1936 688 ,

239 694 399 737 stituto
423 693 665 737 conciones
689 694 744 736 ad
769 696 928 737 Patres
957 700 1002 737 et
1032 694 1192 737 fratres
1224 693 1404 746 habuit,
1436 701 1480 737 et
1513 694 1799 737 convictores
1822 696 1877 737 ad

241 753 422 796 virtutis
445 761 490 797 et
513 753 692 809 pietatis
716 753 866 796 studia
887 752 1021 796 etiam
1043 760 1110 797 est
1132 755 1414 797 exhortatus.
1450 754 1594 797 Multa
1615 754 1876 810 prudentis-

242 813 356 856 sime
379 812 630 863 constituit,
656 819 700 856 et
724 812 873 855 omnia
896 813 953 855 ad
975 813 1189 869 optimam
1213 814 1400 856 formam
1424 812 1615 869 redegit.
1642 814 1773 856 Adeo
1796 828 1879 856 au-

242 880 333 916 tem
356 872 474 916 bene
497 871 654 924 valuit,
680 878 729 914 vt
751 872 922 916 diceret
944 887 993 915 se
1017 880 1112 915 toto
1134 872 1209 915 illo
1235 881 1450 929 tempore,
1477 887 1566 928 quo
1589 874 1646 916 ab
1668 874 1778 916 vrbe
1801 875 1881 916 ab-

243 932 352 984 fuit,
386 931 549 975 melius
578 946 669 974 non
698 932 915 976 valuisse.
954 933 1197 976 Referebat
1230 947 1362 988 porro
1391 932 1502 975 illud
1533 933 1589 975 ad
1618 932 1882 976 cereuisiam

245 999 449 1034 nostram
476 991 796 1035 coloniensem.
823 992 960 1035 Certe
981 991 1145 1035 eximia
1167 991 1241 1035 illa
1264 992 1474 1045 charitas,
1506 1007 1594 1048 qua
1621 992 1667 1035 in
1689 1007 1883 1037 conuer-

245 1051 419 1094 sionem
443 1051 715 1095 Germaniae
739 1052 897 1104 fertur,
924 1051 1045 1104 facit,
1071 1058 1119 1093 vt
1142 1051 1283 1107 ipsam
1307 1052 1441 1095 etiam
1461 1067 1779 1108 germanorum
1802 1068 1883 1095 na-

247 1119 393 1154 turam
429 1111 473 1153 in
503 1126 586 1153 sua
617 1118 851 1154 senectute
879 1111 1054 1154 induat.
1087 1112 1128 1154 V
1157 1111 1230 1155 die
1260 1111 1461 1168 Augusti
1500 1127 1580 1167 per
1614 1113 1760 1154 fontes
1788 1112 1883 1156 leo—

246 1171 426 1214 dienses
445 1170 678 1214 Treuerim
697 1185 857 1214 versus
874 1171 1105 1226 profectus
1123 1178 1207 1224 est,
1229 1179 1460 1227 assumpto
1480 1172 1615 1214 fratre
1633 1179 1786 1214 nostro
1803 1174 1882 1228 Ja-

247 1232 364 1274 cobo
388 1230 585 1282 Munsio,
612 1231 697 1273 sub
721 1231 856 1273 finem
880 1230 1000 1273 illius
1030 1230 1197 1273 mensis
1227 1232 1406 1274 futurus
1430 1231 1710 1287 Maguntiae.
1738 1233 1879 1274 Rdus.

248 1293 384 1334 Pater
406 1289 695 1346 prouincialis
719 1306 798 1346 per
821 1305 900 1333 sex
923 1290 1019 1333 dies
1042 1300 1144 1346 post
1169 1305 1272 1334 eum
1296 1292 1415 1347 apud
1438 1306 1521 1333 nos
1544 1291 1778 1334 remansit.

337 1353 400 1393 M.
427 1349 698 1393 Franciscus
722 1350 999 1394 Homerolus
1021 1351 1252 1406 profectus
1274 1358 1343 1393 est
1365 1350 1411 1392 in
1434 1350 1641 1407 patriam,
1668 1359 1717 1393 vt
1739 1349 1884 1393 omni—

246 1410 333 1452 bus
356 1409 450 1453 suis
473 1411 608 1452 rebus
632 1409 715 1452 rite
737 1409 967 1466 dispositis
989 1424 1092 1452 cum
1124 1412 1185 1453 M.
1207 1412 1416 1468 Johanne
1445 1410 1668 1463 Dionisio,
1701 1413 1762 1454 M.
1789 1412 1884 1453 Ge-
1910 1424 1912 1427 ’

248 1470 380 1512 rardo
417 1471 591 1521 Iseren,
633 1470 874 1513 Theodoro
908 1472 1060 1513 Buseo
1098 1477 1142 1514 et
1175 1472 1383 1527 Johanne
1421 1470 1563 1513 Fabio
1602 1469 1885 1526 Maguntiam

248 1529 368 1572 circa
391 1529 562 1573 exitum
587 1529 837 1585 praesentis
860 1529 1027 1573 mensis
1056 1530 1112 1572 ad
1141 1531 1193 1572 R.
1225 1532 1276 1573 P.
1310 1531 1519 1573 Natalem
1549 1529 1756 1582 veniant,
1782 1529 1887 1572 inde

249 1596 371 1631 recte
395 1591 584 1632 Romam
609 1589 870 1645 profecturi.
899 1589 974 1633 Sic
993 1589 1112 1633 enim
1131 1605 1155 1631 a
1174 1591 1226 1633 R.
1251 1592 1306 1632 P.
1335 1589 1484 1633 Natali
1503 1589 1756 1632 ordinatum
1783 1589 1881 1632 fuit.

248 1651 379 1692 Vnus
402 1648 725 1705 discipulorum
749 1664 804 1692 ex
828 1650 971 1693 classe
988 1649 1211 1692 rethorica
1234 1649 1279 1692 in
1304 1649 1419 1707 Julio
1442 1650 1498 1692 ad
1516 1649 1788 1693 Societatem
1805 1651 1886 1691 ad-

248 1708 413 1751 missus
435 1715 520 1761 est,
546 1708 729 1751 natione
752 1710 915 1765 gallus,
946 1723 1166 1752 annorum
1204 1722 1269 1765 19,
1302 1709 1379 1764 qui
1410 1715 1589 1765 peracta
1617 1708 1759 1765 prima
1781 1723 1885 1765 pro·

248 1768 430 1812 batione
468 1783 591 1811 nunc
628 1768 671 1810 in
703 1769 854 1812 culina
885 1775 1106 1811 versatur.
1148 1770 1317 1812 Eodem
1348 1784 1503 1813 mense
1533 1768 1766 1824 discipulis
1802 1783 1885 1811 no-

249 1828 352 1871 stris
376 1828 575 1884 assumpi
599 1835 705 1871 sunt
729 1830 801 1883 36,
827 1836 905 1871 aut
928 1829 1078 1884 plures
1102 1828 1251 1872 etiam.
1280 1830 1337 1871 Et
1359 1828 1482 1872 venit
1511 1829 1567 1870 ad
1597 1843 1680 1871 nos
1703 1828 1885 1884 quidam

249 1887 414 1931 missus
442 1903 467 1930 a
498 1894 673 1932 rectore
701 1888 878 1943 collegii
912 1888 1053 1930 nostri
1086 1888 1364 1944 maguntini,
1397 1887 1473 1944 qui
1507 1903 1584 1943 per
1617 1903 1760 1932 annos
1796 1895 1885 1931 tres

250 1947 619 1991 concionatorem
643 1955 801 2004 egerat
829 1949 1117 1992 lutheranum
1142 1948 1186 1990 in
1209 1948 1458 2003 palatinatu
1481 1947 1644 2001 Rheni,
1671 1948 1788 1992 inter
1809 1949 1886 1990 he-

251 2007 416 2052 reticos
450 2015 584 2050 natus
611 2015 656 2050 et
685 2009 905 2051 educatus
938 2008 1105 2060 fuerat,
1138 2008 1215 2063 qui
1237 2015 1419 2064 propter
1442 2010 1590 2050 Deum
1624 2007 1669 2049 in
1702 2009 1886 2050 domum

250 2066 563 2111 convictorum
594 2082 619 2110 a
647 2067 781 2110 nobis
808 2074 1017 2122 receptus
1045 2074 1090 2110 et
1118 2067 1312 2112 heresim
1343 2083 1522 2111 omnem
1560 2067 1802 2120 abiurauit‚
1844 2074 1888 2110 et

251 2134 407 2183 postea
445 2128 680 2170 consessus
717 2134 802 2180 est,
834 2134 879 2171 et
907 2126 952 2169 in
982 2128 1097 2170 festo
1135 2127 1456 2183 assumptionis
1492 2127 1650 2171 beatae
1685 2126 1888 2183 Virginis

251 2186 575 2239 catholicorum
606 2202 730 2231 more
759 2186 1127 2239 communicauit,
1153 2186 1198 2229 id
1220 2188 1341 2242 quod
1370 2201 1603 2242 nunquam
1626 2186 1671 2228 in
1692 2187 1785 2229 vita
1807 2201 1890 2229 sua

252 2248 439 2291 fecerat.
489 2248 633 2301 Spero
672 2247 801 2290 breui
838 2248 1111 2303 perducetur
1149 2248 1205 2289 ad
1243 2246 1474 2291 exercitia.
1524 2248 1652 2290 Haec
1694 2247 1889 2303 paucula

253 2306 384 2350 Rdae
410 2309 464 2349 P.
499 2309 559 2350 V.
593 2309 857 2359 offerentes,
890 2306 1058 2350 sanctis
1087 2306 1318 2350 sacrificiis
1347 2314 1391 2349 et
1417 2305 1697 2350 orationibus
1727 2305 1905 2350 vestris*

253 2366 459 2410 adiuuari
482 2366 710 2410 humiliter
739 2366 947 2422 petimus.

342 2426 572 2479 Coloniae,
605 2427 656 2470 16
678 2426 880 2483 Augusti
909 2428 1033 2481 1562.

255 2581 473 2627 epistolam,
493 2582 584 2618 licet
602 2593 677 2618 non
696 2582 902 2627 integram,
929 2581 1051 2617 edidit
1075 2593 1124 2616 ex
1143 2581 1281 2616 eodem
1306 2581 1440 2617 codice
1464 2581 1679 2617 coloniensi
1697 2583 1889 2627 HANSEN,

255 2631 333 2665 loc.
356 2630 447 2675 cit.,
467 2641 552 2676 429.
577 2631 881 2677 Transumptum
905 2629 968 2666 hic
987 2629 1205 2665 exhibitum
1224 2642 1245 2664 a
1264 2630 1376 2666 nobis
1395 2630 1582 2666 Coloniae
1606 2642 1694 2666 cum
1713 2630 1892 2676 exemplo

256 2678 486 2715 Kesseliano
504 2680 688 2715 collatum
706 2678 793 2715 fuit.
815 2678 914 2714 Vide
934 2690 1063 2725 supra,
1083 2689 1172 2726 pag.
1197 2686 1278 2724 104.
