1958 3210
510 138 546 170 4,
577 126 618 160 16
646 134 698 160 ET
728 133 768 169 17
796 124 1057 160 SEPTEMssms
1087 125 1177 170 1563
1601 126 1674 172 375»

39 226 300 279 absoluisse,
326 227 676 282 frequenterque
693 233 739 269 et
755 228 925 270 Romae
943 233 988 270 et
1005 233 1234 282 postremo
1258 226 1330 269 hic
1347 227 1528 283 publice
1545 242 1669 271 sum-

38 318 108 346 ma
129 317 233 345 cum
256 303 389 347 laude
412 303 682 358 disputasse,
703 310 749 345 et
768 302 906 345 fuisse
923 302 1246 356 examinatum3
1268 303 1480 347 idoneum
1504 319 1603 349 esse
1626 312 1674 349 et

37 379 241 436 dignum,
266 378 445 422 nemine
468 379 768 435 discrepante,
795 378 1072 431 censuimus,
1095 394 1228 434 quem
1247 380 1493 436 apostolica
1511 388 1669 425 aucto-

37 456 182 508 ritate,
208 455 338 499 nobis
367 470 602 509 concessa,
634 457 864 500 doctorem
896 470 1050 500 sacrae
1081 457 1337 513 theologiae
1366 459 1373 478 ¹
1406 458 1670 514 designare-

37 547 150 584 mus,
178 532 515 576 institueremus
534 539 578 576 et
596 546 854 576 crearemus
872 546 975 574 cum
994 533 1356 576 solemnitatibus
1374 541 1418 578 et
1437 549 1644 578 caeremo
1656 562 1669 566 -

37 609 120 652 niis
158 609 402 652 consuetis.
444 610 493 652 Id
531 623 640 652 uero
684 608 873 652 fecimus
915 609 988 653 die
1030 611 1159 652 XXII
1197 611 1210 630 ²
1257 610 1424 653 mensis
1466 612 1670 668 Augusti

37 687 98 730 M.
124 688 181 729 D.
208 687 245 729 L
268 688 310 729 X
333 687 391 729 III
413 686 458 728 in
487 688 571 729 hac
600 700 809 729 caesarea
831 687 1060 730 academia
1088 686 1328 730 Societatis
1352 690 1462 745 Jesu
1490 689 1670 744 publice

35 770 78 806 et
100 762 314 819 legitime.
342 764 392 806 In
415 777 607 818 quorum
637 764 771 807 fidem
800 765 886 806 hoc
915 763 1110 819 diploma
1140 763 1220 805 tihi
1249 764 1510 808 censuimus
1532 780 1631 809 esse
1654 767 1668 787 ⁵

34 840 247 892 dandum,
274 839 339 882 tui
362 840 622 883 doctoratus
645 840 660 860 ⁴
684 854 843 883 uerum
867 848 912 883 et
944 840 1197 896 legitimum
1228 841 1552 885 testimonium.
1580 845 1669 886 Fa-

35 916 97 959 xit
126 915 358 970 Christus,
392 923 441 959 ut
468 916 673 959 doctrina
701 924 778 959 tua
808 917 1027 973 singulari
1056 924 1101 959 et
1138 919 1223 960 hac
1261 917 1422 960 eximia
1456 919 1673 963 facultate

36 992 173 1036 utaris
203 994 258 1035 ad
286 992 500 1036 maiorem
529 993 711 1036 Domini
739 993 884 1036 nostri
907 995 1019 1051 Jesu
1049 994 1217 1037 Christi
1256 994 1464 1051 gloriam,
1505 997 1670 1039 multa-

36 1083 226 1124 rumque
248 1069 498 1112 animarum
521 1077 566 1112 et
588 1069 886 1113 eruditionem
909 1071 1202 1113 orthodoxam
1229 1079 1273 1114 et
1296 1078 1525 1115 aeternam
1549 1073 1671 1115 salu-

36 1153 141 1190 tem.
167 1147 336 1189 Datum
360 1146 564 1191 Viennae
590 1146 805 1191 Austriae
826 1146 871 1189 in
896 1147 1089 1204 collegio
1113 1147 1354 1192 Societatis
1372 1150 1481 1206 Jesu
1514 1163 1668 1193 caesa—

36 1237 127 1275 reo,
154 1223 226 1266 die
248 1224 306 1266 III
342 1223 622 1279 Septembris
645 1225 658 1245 ⁵
682 1238 801 1266 anno
824 1223 1007 1267 Domini
1037 1224 1273 1269 millesimo
1303 1225 1673 1282 quingentesimo

34 1299 315 1356 sexagesimo
339 1300 486 1344 tertio.

436 1377 464 1434 ἧ-
498 1378 826 1422 HIERONYMUS
859 1380 1093 1431 NATALIS,
1131 1379 1483 1422 commissarius.
1520 1380 1549 1437 †

48 1553 50 1557 v
117 1532 200 1574 Est
221 1532 430 1588 sigillum
453 1532 686 1575 Soet-etatis
701 1533 830 1590 Jesu.

121 1610 161 1651 A
185 1613 328 1666 tergo:
352 1609 679 1653 Testimonium
703 1611 963 1654 doctoratus
986 1613 1017 1654 ⁶.

784 1746 909 1816 'aas

350 1878 1341 1923 P H1ERONYMUSNADAL

542 1984 702 2019 PATRI
728 1983 935 2030 JACOBO
962 1985 1156 2020 LAINEZ

389 2087 611 2125 MONACHn,
629 2090 665 2124 4,
689 2079 730 2114 16
747 2089 801 2114 ET
819 2089 864 2115 22
882 2088 1141 2116 SEPTEMBms
1164 2081 1253 2126 1563
1280 2085 1305 2116 ⁷.

31 2161 192 2196 Natalis
212 2163 397 2207 pervenit
422 2162 693 2204 Moifzaclzium,
718 2164 786 2198 ubi
809 2163 1051 2198 Manareum
1076 2166 1242 2211 reperit:
1268 2166 1377 2201 brevi·
1406 2166 1667 2212 Oeuipontem

722 2233 761 2257 se
779 2221 970 2268 conferet.

121 2303 195 2345 Ex
217 2303 337 2345 hisce
359 2304 504 2346 tribus
532 2306 728 2360 epistolis
759 2306 942 2348 Natalis
968 2307 1028 2347 ad
1064 2308 1285 2349 Latinium
1325 2309 1498 2350 nullam
1535 2309 1670 2351 liabe—

31 2393 149 2422 mns.
176 2380 354 2422 Scimus
376 2384 524 2423 autem
547 2382 619 2423 die
640 2394 668 2434 4
690 2386 729 2423 et
752 2394 808 2423 22
830 2382 1103 2437 Septembris
1125 2385 1376 2439 scripsisse,
1401 2399 1456 2427 ex
1484 2386 1668 2440 epistola

105 2517 113 2536 ¹
165 2516 267 2560 Tm.,
298 2527 365 2563 pro
395 2517 455 2552 his
487 2517 610 2553 tribus
630 2518 777 2563 verbis,
792 2519 923 2554 habet:
944 2520 1191 2567 magistrum
1211 2522 1365 2555 artium
1386 2521 1617 2557 liberalium
1632 2526 1668 2558 et

27 2575 316 2622 philosophiae.

101 2636 114 2655 ²
166 2635 269 2680 Trn.>
288 2647 357 2682 pro
375 2636 502 2680 XXII,
518 2637 636 2671 habet
654 2637 723 2672 IX.

103 2693 116 2713 5
165 2694 252 2729 Tm.
273 2695 404 2730 omitt.
428 2707 520 2731 esse.

101 2754 114 2773 4
164 2753 267 2797 Tm.,
287 2755 372 2789 loco
389 2756 633 2797 doctoratu&
649 2756 767 2791 habet
785 2758 1028 2804 magisterii.

98 2811 112 2832 5
162 2811 309 2848 Eodem
327 2813 389 2848 die
408 2813 429 2848 3
449 2814 691 2860 Septembris
710 2821 917 2863 utrumque
937 2816 1215 2852 documentum
1235 2817 1367 2852 datum
1387 2823 1461 2853 est.

97 2870 112 2891 ⁶
161 2871 252 2906 Tm.
276 2884 298 2907 a
315 2877 426 2918 tergo
444 2874 575 2908 habet:
604 2874 892 2910 Testimonium
912 2877 1143 2922 magisterii
1155 2904 1162 2911 .

97 2930 112 2950 ⁸
162 2930 219 2965 Ex
239 2931 415 2978 epistolis
434 2931 504 2967 313
523 2938 563 2968 et
580 2931 662 2977 316;
684 2939 722 2969 et
742 2946 790 2968 ex
812 2934 907 2970 Cod.
929 2935 1052 2977 PLB,
1074 2936 1148 2970 loc.
1171 2935 1269 2970 infra
1287 2936 1354 2971 cit.
