1958 3210
671 178 715 213 27
743 169 942 214 JANUARu
970 167 1061 213 1564
1604 161 1673 207 487

45 279 156 322 altre
177 275 339 318 bande.
368 273 502 316 Onde
518 271 659 314 siamo
681 269 834 312 ridotti
864 269 950 312 alla
971 269 1089 313 valle
1121 267 1166 310 di
1196 267 1426 312 Strittura.
1454 266 1502 310 Si
1524 266 1678 308 danno

44 357 194 397 buone
216 350 384 407 parolle
406 350 448 392 al
470 355 637 392 rettore
659 354 829 398 nostro,
855 346 933 388 sed
956 345 1073 387 m'lzz‘l
1094 346 1215 387 venit
1237 359 1379 401 neque
1396 358 1451 386 ex
1468 357 1578 386 area
1596 356 1676 384 ne-

49 444 131 487 que
152 443 207 471 ex
230 427 464 470 torculari.
492 426 539 467 Io
561 425 696 468 credo
718 425 803 467 che
829 423 871 465 13
894 436 975 465 sua
1008 422 1108 465 fede
1130 423 1303 478 grande
1325 423 1398 465 nel
1420 420 1615 477 Signore
1636 419 1678 462 ci

49 511 251 550 sostenta
279 501 400 553 tutti,
425 505 471 543 vt
498 516 589 543 non
617 515 673 543 ex
700 500 789 542 solo
810 504 931 554 pane
958 499 1085 540 viuat
1114 499 1255 551 homo,
1279 507 1364 541 etc.
1399 498 1501 541 Ana
1530 499 1583 540 R.
1617 498 1674 539 V.

49 583 187 625 molto
214 580 254 623 ci
282 577 706 622 riccommandiamo
734 577 820 619 alle
847 590 927 618 sue
957 575 1149 617 orationi
1178 582 1223 618 et
1251 575 1473 625 sacrificii,
1500 582 1587 618 etc.
1621 572 1679 616 Di

53 659 242 710 Vienna,
267 672 293 699 3
316 667 370 709 27
393 655 439 698 di
461 653 669 698 Gennaio
705 653 830 707 1564.
863 652 921 695 Di
950 653 1007 695 V.
1035 653 1087 693 R.
1115 652 1252 695 filiolo
1281 660 1325 696 et
1354 666 1487 695 seruo
1516 651 1559 692 in
1584 652 1680 693 Do—

50 736 171 780 mino
188 740 360 785 nostro,

913 827 1161 869 NICOLAUS
1195 826 1440 867 LANOYUS.

139 968 179 1009 A
202 970 347 1022 tergo:
370 928 459 1006 Itis.
487 964 547 1007 Al
569 964 707 1006 molto
732 963 845 1006 Rdo.
873 962 919 1004 in
936 961 1117 1005 Christo
1137 959 1568 1004 PadreHieronimo
1588 959 1684 1000 Na-

43 1045 159 1096 ‘tale,
185 1041 490 1086 commissario
513 1042 631 1085 della
652 1040 934 1096 Compagnia
956 1039 1001 1082 di
1022 1039 1181 1090 Giesu,
1207 1039 1252 1080 in
1276 1040 1432 1089 Roma,
1458 1051 1484 1078 0
1507 1038 1625 1079 doue
1647 1035 1684 1078 si

56 1128 199 1164 troua.
220 1104 340 1162 'Alia
371 1133 528 1161 mama:
563 1119 672 1173 1563
700 1116 811 1175 [ειη.
840 1116 994 1160 Viena.
1032 1118 1109 1158 Re
1138 1114 1317 1168 Lanoij.
1353 1126 1406 1167 27
1430 1113 1475 1155 di
1497 1112 1686 1168 Giugno

57 1197 150 1257 [sic]
179 1199 206 1239 ¹.
238 1196 490 1253 Vestigium
513 1195 676 1252 sigilli.

55 1345 172 1380 citato
191 1355 376 1390 appresso
394 1343 522 1390 questi
541 1342 688 1388 signori
705 1354 774 1388 per
791 1343 961 1376 hauerne
985 1341 1147 1388 qualche
1172 1339 1437 1382 conclusione,
1458 1337 1482 1372 il
1508 1337 1569 1371 S.r
1591 1337 1686 1371 Leo-

55 1402 172 1438 nardo
197 1403 362 1436 Pfichler
387 1400 598 1447 principale
623 1405 662 1434 et
686 1400 788 1434 nella
812 1410 965 1434 camera
988 1397 1134 1442 aulica,
1159 1402 1199 1431 et
1229 1401 1360 1431 nostro
1384 1394 1556 1439 fautore,
1581 1393 1687 1428 final-

56 1468 185 1497 mente
205 1460 438 1496 tenendome
457 1471 548 1494 seco
566 1471 618 1494 un
635 1470 732 1504 gran
750 1469 884 1504 pezzo,
899 1458 952 1492 mi
966 1457 1070 1492 disse
1086 1457 1124 1491 in
1139 1467 1286 1491 somma
1299 1456 1430 1501 quello
1444 1455 1515 1488 che
1535 1452 1686 1498 siegue:

57 1522 131 1556 «Se
151 1521 272 1556 siamo
291 1520 515 1555 finalmente
534 1518 761 1564 congregati
779 1518 804 1553 il
830 1518 874 1552 P.
894 1518 942 1554 D.
964 1517 1144 1562 Geuger,
1164 1517 1213 1550 D.
1240 1514 1393 1557 Seldio,
1413 1515 1462 1548 D.
1484 1513 1630 1547 Weber
1650 1518 1688 1547 et

56 1581 92 1615 io
109 1592 130 1615 a
148 1579 252 1627 quali
266 1568 306 1614 ’13
325 1580 361 1613 Μ
373 1581 425 1614 ,ἰὰ
443 1579 611 1614 Cesarea
629 1577 742 1612 diede
759 1577 823 1623 gia
841 1576 1192 1612 communicatione
1216 1574 1255 1609 di
1279 1573 1408 1621 questi
1433 1571 1554 1608 uestri
1572 1582 1691 1616 nego-

57 1640 114 1684 tii,
135 1645 174 1674 et
191 1639 318 1686 doppo
338 1639 455 1673 molta
473 1637 783 1672 consideratione
803 1642 842 1672 et
866 1636 1039 1671 discorso
1063 1646 1131 1682 per
1156 1635 1280 1681 spatio
1298 1633 1409 1680 quasi
1433 1632 1472 1667 di
1496 1632 1571 1666 due
1596 1632 1690 1665 hore

57 1710 168 1745 sopra
186 1704 324 1745 queste
342 1687 447 1740 cose.
466 1696 502 1732 ci
520 1697 642 1731 siamo
660 1696 832 1731 rissoluti
849 1695 1180 1731 conformemente
1199 1693 1238 1728 in
1263 1698 1401 1739 questa
1425 1689 1692 1733 conclusione,

59 1759 130 1793 che
148 1769 225 1792 non
243 1758 264 1792 e
283 1761 514 1803 opportun0‚
534 1767 584 1791 ne
602 1757 725 1790 anche
743 1755 971 1801 espediente
990 1753 1016 1789 il
1037 1753 1219 1800 spingere
1234 1752 1300 1798 piu
1318 1750 1446 1798 questi
1462 1749 1610 1795 negotii
1625 1759 1693 1794 per

59 1819 166 1863 hora,
185 1816 366 1851 niassirne
385 1816 424 1851 in
442 1820 579 1862 questa
593 1815 674 1850 cosi
687 1824 809 1860 graue
822 1820 861 1849 et
875 1814 1088 1861 pericolosa
1102 1811 1297 1847 infermita
1311 1811 1373 1845 del
1389 1810 1692 1856 imperatore...»

59 1878 117 1912 Ex
135 1877 389 1922 autographo,
409 1875 448 1909 in
469 1874 563 1909 Cod.
584 1884 634 1918 29
653 1875 690 1919 c)
709 1874 774 1908 fol.
795 1882 840 1918 50
859 1876 971 1919 (244).

135 1938 143 1957 ¹
194 1936 294 1969 Tum
312 1946 450 1978 annus,
467 1940 548 1969 tum
564 1933 681 1969 etiarn
701 1932 859 1978 mensis,
876 1943 1079 1979 perperam
1092 1931 1154 1966 hic
1173 1935 1422 1974 annotantur,
1441 1939 1529 1962 curn
1545 1927 1691 1962 nullum

60 1994 219 2029 dubium
235 1993 325 2029 oriri
339 1993 461 2040 possit
475 1993 623 2038 legenti
638 1993 841 2039 epistolam
856 1991 1006 2037 Lanoii‚
1020 1991 1112 2038 quin
1127 1990 1191 2025 die
1206 1998 1250 2033 27
1257 1988 1461 2035 januarii
1473 1997 1580 2021 anno
1595 1984 1692 2028 1564

62 2054 205 2100 scripta
224 2054 293 2089 sit.
