1958 3210
206 188 247 213 ιο
767 180 810 214 Ρ.
839 180 1025 215 NATAms
1051 181 1269 216 EPHEMER.

203 283 264 324 M.
298 279 529 323 Canisium
560 281 755 335 Pragam
787 280 844 322 ad
876 282 1119 335 parandam
1158 281 1277 324 illius
1315 283 1497 339 collegii
1527 284 1837 328 fundationem

197 372 304 399 cum
328 355 467 400 literis
490 356 525 398 F
528 355 763 398 erdinandi
786 355 922 412 regis:
949 358 1068 400 vnde
1091 373 1170 413 per
1193 361 1255 401 M.
1278 360 1510 402 Canisium
1530 368 1635 404 sunt
1653 362 1838 404 adducti

198 434 258 476 ad
296 433 568 476 Societatem
614 446 663 475 IO
703 432 873 484 boemi,
897 440 951 476 >et
978 434 1034 476 de
1063 435 1255 490 collegio
1290 437 1502 492 pragensi
1540 444 1833 481 transactum.

201 508 561 552 Constitutiones
583 508 789 552 Viennae
811 509 1131 565 promulgauit.
1163 510 1284 553 Hinc
1312 511 1550 556 discedens
1578 515 1838 557 conciliauit

203 589 255 629 Ρ.
283 586 456 641 Ignatio
480 588 540 629 M.
564 585 810 630 Simonem.
838 585 1053 629 Visitauit
1076 587 1270 643 collegia
1294 588 1443 631 omnia
1465 590 1634 643 Italiae,
1661 598 1837 646 praeter

195 664 500 716 lauretanum,
532 676 584 705 ac
614 662 866 718 publicauit
895 663 1260 706 constitutiones.
1289 666 1368 707 38
1396 666 1515 709 Dein
1544 683 1699 710 rursus
1729 668 1836 710 mis—

200 754 277 781 sus
300 746 369 782 est
391 739 437 782 in
466 739 734 795 Hispaniam
764 753 919 782 mense
949 740 1206 793 Decembri,
1233 748 1282 783 vt
1311 742 1488 785 iuuaret
1516 743 1562 785 in
1590 744 1839 787 ministerio

202 819 255 859 P.
283 818 317 859 F
321 816 591 869 ranciscum,
618 824 755 872 atque
778 816 1081 872 prouisionem
1107 818 1279 861 romani
1301 820 1479 875 collegij
1505 835 1683 863 rursum
1706 835 1841 864 cura-

202 901 269 936 ret
292 893 634 949 expediendam:
663 893 747 935 fuit
769 893 815 936 in
838 893 1059 949 Hispania
1088 910 1114 951 c)
1144 909 1336 938 menses:
1363 896 1499 939 missa
1520 904 1627 939 sunt
1650 899 1838 940 Romam

203 971 319 1013 6800
342 969 466 1013 aurei
488 969 758 1013 auctoritate
779 972 830 1013 Ρ.
853 970 1098 1013 Francisci.
1122 971 1316 1015 Mittitur
1336 975 1388 1016 Ρ.
1416 973 1730 1030 Ribadeneyra
1758 975 1767 995 ¹
1792 974 1838 1017 in

201 1048 349 1090 aulam
375 1046 570 1102 Philippi
591 1046 714 1103 regis
738 1046 965 1103 catholici,
991 1048 1067 1090 vbi
1092 1048 1175 1090 fuit
1199 1064 1368 1092 annum
1393 1050 1499 1093 fere.
1523 1051 1765 1107 Transegit
1782 1051 1840 1093 de

198 1124 382 1168 licentia
404 1123 625 1166 fundandi
643 1123 837 1179 collegia
854 1124 899 1165 in
917 1125 952 1166 F
956 1125 1143 1177 landria,
1165 1133 1210 1168 et
1227 1126 1558 1182 eleemosynam
1577 1127 1735 1170 habuit
1753 1129 1839 1171 600

196 1216 439 1245 aureorum
457 1215 537 1256 pro
555 1200 747 1256 collegio
766 1202 1003 1257 ro[mano],
1023 1202 1100 1244 vbi
1117 1209 1322 1245 versatur
1339 1217 1442 1245 cum
1460 1205 1579 1247 bono
1599 1204 1839 1249 Societatis

196 1279 352 1321 odore.
379 1277 692 1333 Designantur
715 1277 984 1321 auctoritate
1007 1278 1253 1334 apostolica
1281 1279 1482 1336 episcopi
1513 1283 1565 1324 P.
1592 1281 1772 1324 Nunius
1795 1288 1840 1323 et

201 1358 254 1398 P.
279 1356 470 1399 Ouedus
488 1362 533 1396 et
554 1357 604 1397 P.
628 1355 873 1398 Carnerius
891 1356 905 1375 ²
925 1356 1153 1409 absentes,
1179 1357 1312 1412 pleno
1334 1358 1628 1400 cardinalium
1647 1373 1840 1401 consen-

195 1448 269 1485 su,
296 1447 349 1475 ac
373 1447 539 1488 magna
562 1432 662 1476 aedi
690 1432 695 1490 Ι
724 1432 951 1485 ficatione,
978 1434 1099 1489 quod
1123 1433 1327 1478 Societas
1349 1434 1534 1490 recipiat
1554 1435 1857 1491 episcopatus

198 1510 275 1553 vbi
313 1511 460 1553 solum
497 1516 565 1553 est
603 1524 718 1566 opus
755 1511 948 1564 bonum,
980 1526 1071 1553 non
1110 1511 1244 1555 etiam
1282 1513 1427 1554 honor
1459 1513 1531 1554 vel
1568 1520 1832 1568 prouentus.

203 1589 255 1630 Ρ.
289 1586 534 1630 Carnerius
562 1601 665 1629 cum
697 1587 795 1643 alijs
825 1587 870 1630 in
899 1588 1070 1631 Indiam
1098 1588 1301 1647 [pergit],
1327 1596 1382 1631 .vt
1410 1589 1532 1632 illinc
1560 1589 1645 1633 iter
1674 1591 1839 1634 habeat

197 1664 244 1707 in
269 1663 555 1720 Ethyopiam;
577 1671 813 1722 remanent
836 1667 888 1707 P.
915 1665 1096 1708 Nunius
1120 1672 1164 1709 et
1189 1668 1241 1708 P.
1264 1667 1471 1718 Ouedus,
1498 1673 1543 1708 et
1566 1681 1839 1710 consecran-

197 1749 271 1784 tur
290 1741 503 1798 episcopi.
528 1741 725 1784 Mittitur
742 1757 768 1784 a
784 1756 961 1789 summo
979 1742 1193 1797 pontifice
1208 1745 1270 1786 M.
1290 1744 1526 1787 Salmeron
1541 1743 1587 1785 in
1603 1743 1839 1787 Poloniam

191 1833 300 1861 cum
322 1818 491 1861 nuncio
508 1818 772 1874 apostolico,
794 1818 1006 1874 episcopo
1023 1819 1279 1862 veronensi:
1308 1820 1438 1864 redit.
1462 1821 1533 1863 Fit
1551 1820 1841 1876 prouincialis

191 1895 469 1958 Germaniae
508 1897 559 1938 P.
603 1895 831 1938 Canisius.
874 1895 1050 1938 Emittit
1084 1896 1409 1951 professionem
1442 1900 1493 1940 P.
1533 1897 1843 1954 Hieronymus

195 1974 520 2016 Domenechus
544 1974 576 2025 ³,
603 1980 649 2015 et
671 1971 866 2015 mittitur
888 1973 1181 2029 prouincialis
1204 1974 1250 2016 in
1273 1974 1487 2019 Siciliam.

298 2091 379 2134 39
958 2097 1100 2143 [15J56

290 2205 326 2247 F
332 2204 550 2247 undatum
574 2203 817 2261 collegium
836 2204 1215 2260 inglostadiense:
1242 2214 1424 2262 apertae
1455 2208 1636 2251 scholae
1666 2208 1842 2252 theolo—

207 2281 326 2338 giae,
353 2288 399 2325 et
422 2282 437 2302 ⁴
905 2283 940 2324 F
945 2283 1164 2325 undatum
1182 2298 1407 2339 pragense
1424 2284 1682 2341 collegium3
1708 2287 1842 2328 scho-

190 2374 245 2402 ae
283 2358 330 2401 in
366 2359 602 2416 theologia
637 2374 688 2402 ac
721 2358 862 2403 literis
896 2358 1240 2404 humanioribus
1279 2368 1477 2417 apertae3
1511 2361 1842 2405 concionantur

194 2435 353 2478 nostri.
380 2437 648 2479 Inchoatum
671 2435 915 2492 collegium
937 2449 1147 2480 senense:
1175 2437 1340 2480 docent
1362 2437 1505 2481 nostri
1522 2438 1677 2481 latine.
1701 2439 1841 2482 Colo-

193 2511 352 2556 niense
374 2512 617 2569 collegium
641 2520 842 2565 auctum,
874 2512 1023 2555 missis
1054 2513 1385 2568 professoribus
1414 2515 1670 2571 theologiae
1699 2522 1836 2572 atque

272 2693 280 2712 ¹
333 2691 424 2737 Ms.‚
444 2691 689 2737 Ribaneyra.

263 2753 277 2771 ⁴-’
328 2750 451 2785 Nadal
476 2751 686 2797 scripserat
715 2750 950 2791 camelius,
979 2749 1049 2785 sed
1074 2750 1208 2796 ignota
1234 2762 1371 2786 manus
1405 2752 1632 2787 emendavit
1660 2752 1838 2789 scribens

195 2809 437 2846 carnerius.

263 2870 278 2889 ³
328 2869 419 2913 Ms.‚
437 2869 679 2904 Domechus.

261 2927 277 2948 ⁴
326 2927 390 2963 Sic
409 2940 527 2964 sensu
546 2928 758 2975 inexpleto:
786 2928 954 2975 spatium
980 2928 1034 2963 ibi
1060 2928 1240 2963 relictum
1265 2939 1333 2974 pro
1360 2928 1511 2964 duobus
1537 2930 1714 2966 versibus
1742 2932 1823 2966 scri

193 2986 350 3023 bendis.
975 2988 977 2990 '
