1958 3210
273 202 343 246 672
898 199 1036 233 EPIST.
1066 197 1109 231 P.
1140 197 1290 233 NADAL

275 301 493 347 ecclesiae
516 301 757 345 Vniuersae
785 302 842 345 de
879 299 993 353 viro,
1034 306 1160 341 tanta
1195 298 1316 343 vitae
1353 299 1630 355 integritate,
1663 300 1908 356 grauitate,

275 360 515 417 prudentia
537 361 758 416 praedito,
778 359 1072 416 prospiceret,
1094 358 1224 400 cuius
1242 373 1350 401 cura
1368 366 1413 401 et
1431 358 1665 414 diligentia
1682 360 1906 414 prouideri

272 420 412 476 possit
435 420 640 475 ecclesijs
664 420 891 471 omnibus,
919 426 968 460 ut
991 433 1049 461 ne
1072 425 1255 461 careant
1283 418 1410 460 verbi
1438 418 1669 470 ministris
1696 418 1788 473 qui,
1814 434 1904 463 non

269 479 415 535 magis
444 479 666 531 doctrina,
698 479 864 537 [quam]
888 477 1093 532 exemplo
1122 477 1312 520 caeteris
1340 484 1570 532 praeeant,
1604 477 1783 532 quibus,
1816 494 1906 534 quo

269 538 416 594 magis
437 540 551 581 haec
580 553 679 581 mea
708 538 928 582 diocaesis
966 535 1060 594 [sic]
1084 536 1289 592 indigere
1315 536 1516 590 videtur,
1542 538 1628 579 hoc
1656 537 1907 592 impensius

267 612 434 640 munus
451 600 536 640 hoc
556 600 608 641 R.
634 601 684 641 P.
704 599 755 641 V.
778 598 977 640 delatum
996 596 1057 638 illi
1076 596 1296 651 gratulor,
1316 595 1424 638 mihi
1447 571 1555 640 veio
1573 596 1766 652 gaudeo.
1788 598 1903 640 Nam

266 657 386 699 illius
404 671 541 713 opera
560 659 763 700 futurum
782 657 978 707 confido,
999 662 1143 699 vtnec
1161 654 1258 709 alijs
1277 655 1497 710 ecclesijs,
1513 669 1596 697 nec
1614 669 1741 699 meae
1758 656 1906 699 desint

267 717 423 759 fideles
455 717 664 772 operarij,
697 717 774 771 qui
804 717 1009 759 laborent
1032 714 1077 756 in
1106 714 1239 758 vinea
1267 714 1466 767 Domini,
1499 714 1666 769 quique
1696 716 1909 771 frangant

266 791 429 832 panem
449 776 664 831 paruulis,
687 783 732 818 et
755 776 819 818 eis
841 774 1074 818 doctrinae
1097 773 1306 816 salutaris
1328 773 1478 816 cibum
1498 773 1770 829 impartiant,
1793 789 1905 829 quo-

267 850 367 877 rum
393 836 513 891 apud
536 851 619 878 nos
642 836 805 891 ingens
830 842 898 879 est
921 833 1125 890 penuria,
1147 834 1325 888 qualem
1344 833 1380 875 si
1397 849 1536 876 vnum
1556 833 1748 888 aliquem
1766 835 1906 878 habe-

267 910 379 946 rem,
406 894 589 937 minime
612 895 749 938 dubia
772 910 852 950 spe
882 895 1044 944 forem,
1078 900 1315 936 reuocatos
1344 893 1398 935 iri
1427 893 1592 935 multos
1615 894 1672 935 ad
1704 907 1907 949 euange—

267 953 376 996 lium
408 954 594 1006 Christi,
627 955 703 1010 qui
733 961 839 997 sunt
876 954 923 996 in
961 952 1100 1005 aliud,
1132 952 1250 994 sicut
1286 951 1370 1007 ipsi
1407 952 1579 1004 dicunt,
1606 952 1907 1008 Euangelium

269 1014 487 1057 translati.

359 1074 449 1117 Sed
474 1072 686 1116 omnibus
716 1073 772 1116 de
811 1073 962 1123 rebus,
996 1072 1052 1114 ad
1091 1071 1469 1127 Brunsbergense
1498 1070 1738 1126 collegium
1767 1071 1905 1126 perti-

273 1132 506 1184 nentibus,
533 1132 717 1176 vberius
739 1132 983 1174 informare
1006 1130 1170 1186 poterit
1193 1132 1247 1173 R.
1274 1132 1331 1173 D.
1358 1132 1414 1174 V.
1443 1131 1600 1172 Ill.mus
1630 1137 1674 1173 et
1693 1132 1802 1173 Rev.
1825 1132 1906 1173 do-

273 1191 425 1234 minus
448 1206 577 1234 meus
594 1194 794 1249 Joannes
817 1190 1086 1234 Franciscus
1111 1191 1495 1241 Commendonus,
1522 1189 1599 1244 qui
1621 1204 1788 1245 magna
1805 1205 1910 1233 cum

272 1252 408 1294 laude
432 1251 503 1293 sui
526 1251 721 1294 nominis
743 1252 944 1307 legatum
969 1251 1090 1306 apud
1112 1265 1194 1292 nos
1213 1249 1306 1305 egit
1324 1249 1635 1305 apostolicum,
1657 1249 1786 1292 cuius
1804 1263 1909 1293 cum·

273 1311 418 1353 oculis
442 1311 591 1354 omnia
609 1311 812 1353 subiecta
839 1309 1021 1360 fuerint,
1048 1309 1213 1365 quibus
1237 1310 1371 1351 rebus
1393 1323 1506 1364 opus
1524 1310 1713 1352 habeam
1733 1310 1789 1351 ad
1812 1310 1907 1351 fru-

271 1377 396 1412 c‘tum
420 1370 717 1426 copiosiorem
742 1370 1131 1424 consequendum,
1156 1370 1210 1411 R.
1237 1370 1294 1412 D.
1323 1370 1399 1420 V.,
1427 1368 1560 1410 simul
1584 1375 1631 1410 vt
1658 1368 1807 1411 isthuc
1828 1384 1907 1411 ve—
1945 1405 1955 1420 ⁴

272 1429 406 1482 nerit‚
433 1445 617 1473 narrare
635 1430 813 1486 poterit.
838 1431 1014 1473 Interea
1032 1444 1103 1472 me
1122 1435 1352 1483 totamque
1369 1427 1610 1470 diocaesim
1630 1427 1724 1485 [sic]
1742 1443 1918 1484 meam,v

273 1489 382 1544 quin
407 1497 452 1532 et
475 1504 667 1546 regnum
694 1489 974 1540 Vniuersum,
1002 1489 1122 1544 quod
1144 1503 1312 1544 magno
1334 1494 1541 1531 versatur
1562 1487 1606 1529 in
1631 1487 1904 1540 discrimine,

270 1549 439 1591 sanctis
463 1556 648 1593 sanctae
671 1548 912 1593 Societatis
942 1547 1178 1604 praecibus
1210 1547 1302 1605 [sic]
1333 1554 1378 1591 et
1407 1546 1637 1601 sacrificijs
1666 1546 1911 1603 diligenter

269 1610 556 1651 commendo.
590 1611 757 1652 Datum
778 1613 833 1652 e'x
851 1614 998 1650 castro
1016 1614 1172 1649 nostro
1192 1607 1453 1663 Heilsberg,
1474 1606 1621 1650 die—¹
1643 1607 1910 1650 Decembris.

269 1669 327 1711 A.
356 1670 417 1711 D.
453 1683 500 1711 M.
530 1684 575 1712 D.
605 1683 712 1712 LXV.
741 1670 899 1711 Frater
920 1667 966 1709 in
990 1667 1191 1718 Christo,

653 1727 1305 1784 [STANisLAus,CARD1NAL1s
1341 1725 1663 1783 VARMIENsls}
1922 1774 1924 1776 ,

359 1787 605 1843 Inscriptio
634 1789 684 1829 in
715 1791 881 1843 quarta
902 1787 1100 1842 pagina:
1131 1787 1259 1828 Rmo.
1291 1786 1488 1837 domino,
1520 1784 1761 1828 Francisco
1790 1786 1904 1827 Bor—

269 1845 413 1902 gia,g
382 1847 582 1900 generali
602 1847 858 1902 praeposito
876 1845 1117 1890 Societatis
1129 1847 1256 1903 Jesu,
1277 1853 1364 1888 etc.
1387 1845 1511 1887 fratri
1532 1845 1577 1887 in
1596 1839 1778 1888 Christo
1795 1846 1904 1888 cha—

267 1900 445 1949 rissimo
463 1913 509 1950 et
526 1907 805 1949 honorando.
834 1907 942 1948 Alm
963 1920 1121 1947 mcum:
1140 1906 1193 1948 C.
1222 1906 1347 1960 1565.
1371 1904 1630 1960 Heilsberg.
1653 1904 1773 1947 Car.l
1800 1919 1904 1947 var—

266 1965 545 2010 miense—-di
569 1967 691 2009 X‚bre
714 1966 871 2023 Είξὶἷῖιῗ
900 1966 1161 2021 vestigmm.

1038 2139 1138 2182 LVI

718 2240 1160 2276 STANISLAUS
1200 2239 1454 2277 HOSIUS

860 2323 1066 2359 cardinalis
1082 2323 1312 2371 varmiensis

596 2422 797 2452 PATRI
850 2422 1097 2461 JOANNI
1147 2422 1224 2451 DE
1273 2422 1576 2453 POLANCO

661 2503 988 2560 Heilsbergae,
1030 2505 1284 2548 Decembre
1328 2505 1434 2559 1565
1475 2506 1506 2548 ².

319 2601 435 2635 Dolet
453 2601 707 2640 calamitates
728 2600 942 2634 Poloniae:
962 2600 1169 2645 operarios
1187 2611 1205 2634 e
1226 2600 1417 2635 Societate
1435 2601 1535 2635 illuc
1553 2602 1662 2636 mitti
1679 2605 1850 2648 exoptat.

356 2685 468 2727 Rde.
500 2686 635 2728 Pater
663 2683 707 2726 in
739 2684 936 2734 Christo,
971 2683 1101 2726 nobis
1134 2683 1394 2727 charissime
1416 2690 1462 2726 et
1488 2686 1770 2728 honorande.
1806 2676 1937 2730 Lit--ssf

268 2751 391 2788 terae
409 2743 742 2787 Dominationis
754 2745 946 2787 Vestrae
964 2744 1155 2786 multum
1175 2750 1437 2798 expectatae
1456 2744 1597 2796 fuere,
1613 2745 1720 2787 mihi
1738 2746 1904 2801 gratis—
1921 2739 1932 2794 Ῐ

267 2803 423 2857 simae;
445 2804 538 2858 jam
561 2803 679 2846 enim
703 2804 863 2847 deesse
886 2802 974 2846 mei
1003 2802 1263 2846 memoriam
1287 2802 1615 2856 existimabam,
1647 2811 1692 2847 et
1719 2804 1906 2862 pigebat
1917 2802 1930 2847 5³

340 2946 347 2964 ⁴
402 2945 657 2981 Desideratur
676 2945 774 2989 dies,
794 2957 869 2991 qua
887 2945 976 2980 data
991 2950 1051 2980 est
1070 2945 1247 2991 epistola.

338 2998 350 3015 ‘³
402 2994 459 3028 Ex
479 2995 706 3041 archetypo,
726 2993 764 3029 in
788 2993 886 3028 Cod.
915 2993 973 3039 38,
993 2993 1138 3040 duplici
1157 2993 1240 3038 fol.‚
1264 2993 1330 3029 130
1349 2997 1462 3038 (207).
