1958 3210
279 211 324 246 86
843 214 884 247 P.
915 214 1103 249 NATALIS
1129 214 1348 249 EPHEMER.

372 313 499 356 Haec
523 327 662 367 quum
685 313 961 358 audiuissem
986 330 1041 359 ex
1065 315 1294 367 Patribus,
1319 314 1412 356 dixi
1434 329 1458 357 e
1483 314 1679 370 uestigio
1706 322 1755 357 vt
1784 329 1913 360 sece-

277 390 452 440 derent,
464 403 532 441 ea,
546 404 661 444 quae
679 405 734 433 ex
751 389 892 433 literis
905 398 950 434 et
968 406 1023 434 ex
1042 391 1267 434 Rodorico
1276 390 1575 444 audiuissent‚
1606 391 1614 448 Ι
1641 391 1906 436 scriberent.

277 466 384 507 Erat
406 465 452 507 in
474 464 662 521 epistola
685 467 741 509 ad
764 467 900 510 finem
937 467 1180 521 adiectum,
1202 474 1346 510 totum
1370 475 1519 512 tamen
1549 468 1795 525 negocium
1818 470 1908 512 Pa—

279 549 390 584 trem
413 544 672 598 generalem
697 544 925 587 remittere
946 545 1002 587 ad
1025 558 1175 587 meum
1199 543 1448 587 arbitrium.

366 619 581 662 Grauiter
603 628 671 664 est
694 627 853 676 postea
875 628 1152 675 conquestus
1174 622 1294 677 apud
1321 636 1393 664 me
1421 623 1687 674 Rodoricus,
1718 622 1792 665 cui
1820 628 1928 679 ego'

278 703 537 741 constanter
561 697 786 753 respondi,
807 712 946 753 quum
966 704 1117 742 tamen
1135 698 1435 754 patrocinium
1453 699 1738 754 profiteretur
1761 700 1909 742 Arao-

278 773 351 828 zij,
382 781 428 816 et
456 774 648 818 diceret:
685 789 758 818 «es
787 774 847 816 mi
877 774 1045 831 amigo,
1080 776 1272 828 Padre»,
1303 783 1390 819 etc.
1430 775 1554 819 Nihil
1591 775 1804 833 (inquam)
1843 783 1915 820 est

278 851 399 905 quod
422 858 632 896 vereatur
660 852 848 908 grauius
876 853 1106 908 agendum
1135 866 1238 895 cum
1269 852 1480 896 Araozio:
1513 852 1708 908 primum
1737 853 1917 898 nescire

277 942 348 971 me
372 928 479 984 quid
501 936 783 984 sequeretur:
811 931 946 972 Pater
969 930 1210 985 generalis,
1235 929 1312 971 vbi
1334 929 1397 972 ita
1420 929 1655 982 scriberet,
1680 931 1804 973 haud
1826 931 1912 973 du—

277 1004 350 1049 bie
371 1005 496 1048 illum
525 1007 632 1048 172
660 1021 827 1062 magna
857 1007 1007 1062 aliqua
1035 1022 1090 1051 ex
1118 1007 1344 1051 delatione
1366 1021 1466 1051 esse
1497 1014 1789 1060 commotum,
1821 1022 1913 1063 non

275 1082 477 1137 potuisse
494 1083 846 1139 non-prouidere,
862 1098 978 1139 quae
995 1084 1280 1138 videbantur3
1292 1091 1337 1128 et
1355 1092 1504 1128 tamen
1521 1084 1639 1126 illam
1652 1084 1913 1128 adhibuisse

278 1159 650 1213 moderationem,
675 1175 793 1216 quae
816 1160 923 1204 facit
944 1168 993 1203 vt
1020 1161 1132 1203 nihil
1159 1161 1217 1204 sit
1246 1161 1435 1217 epistola
1463 1162 1721 1205 metuenda:
1754 1162 1811 1205 ad
1838 1176 1913 1205 me

276 1252 371 1281 rem
395 1244 535 1280 totam
557 1252 657 1281 esse
680 1238 981 1292 commissam,
1008 1253 1157 1294 neque
1178 1254 1251 1283 me
1279 1239 1472 1295 amplius
1501 1239 1744 1291 facturum,
1775 1253 1912 1294 quam
1952 1268 1954 1272 ν

276 1315 363 1359 iam
387 1315 540 1358 multis
562 1323 667 1360 ante
689 1315 851 1361 diebus
873 1316 1089 1369 dixeram,
1114 1324 1163 1358 vt
1180 1316 1370 1373 eligeret
1388 1332 1445 1359 an
1463 1315 1798 1360 commissarius
1814 1316 1912 1360 vel-

275 1393 336 1435 let
359 1408 473 1445 esse,
493 1408 550 1436 an
568 1393 860 1449 prouincialis
886 1395 896 1414 ¹
921 1393 1182 1437 alterutrius
1205 1394 1445 1454 Castellae.

365 1470 615 1526 Respondit
637 1470 887 1514 Rodericus
910 1485 959 1513 se
980 1470 1235 1527 intelljgere
1265 1471 1373 1527 quid
1401 1471 1653 1514 moliamur:
1686 1485 1786 1516 esse
1813 1472 1917 1515 offi-

274 1547 394 1590 cium
417 1548 710 1604 commissarij
734 1548 1174 1610 extralordinarium,
1203 1564 1254 1592 ac
1277 1549 1473 1605 positum
1498 1549 1544 1591 in
1562 1549 1746 1592 arbitrio
1769 1563 1913 1606 gene-

274 1624 394 1668 ralis:
420 1632 522 1681 post
550 1627 685 1682 paulo
714 1628 1027 1684 abrogandum
1056 1641 1155 1670 esse
1193 1626 1390 1669 officium
1428 1625 1540 1668 illud
1578 1626 1789 1669 Araozio:
1812 1627 1914 1683 (hoc

275 1717 362 1758 ego
385 1703 518 1758 plane
540 1718 641 1746 sum
663 1704 911 1748 demiratus
932 1705 1052 1748 vnde
1080 1703 1381 1760 intellexerit),
1414 1703 1627 1748 Subdidit
1654 1710 1704 1746 vt
1731 1718 1819 1760 ego
1847 1703 1910 1746 illi

275 1779 508 1834 pollicerer
529 1795 621 1823 non
643 1782 913 1837 abrogatum
935 1781 1003 1824 iri.
1031 1781 1151 1824 Dixi:
1174 1782 1322 1836 quoad
1340 1795 1428 1837 ego
1444 1795 1638 1837 possem.
1660 1781 1781 1824 Inter
1797 1783 1909 1826 haec

274 1856 384 1898 nihil
406 1871 557 1902 comes
580 1859 611 1899 ².

362 1935 573 1990 Comperi
597 1935 666 1978 his
688 1935 960 1988 actionibus,
981 1943 1027 1978 et
1043 1943 1223 1979 nostros
1240 1935 1425 1979 omnino
1440 1936 1597 1980 fauere
1620 1935 1832 1988 Araozio,
1864 1943 1910 1978 et

272 2011 481 2054 comitem
506 2011 626 2055 illius
648 2012 1011 2056 beneuolentiam
1035 2014 1150 2056 velle
1179 2027 1469 2066 conseruare3
1504 2012 1775 2055 Rodericum
1802 2026 1911 2055 vero

271 2088 383 2130 nihil
405 2104 496 2132 non
518 2096 724 2132 acturum
758 2104 838 2145 pro
867 2089 958 2133 illo.
993 2092 1092 2147 Ego
1120 2090 1275 2147 igitur,
1309 2104 1449 2145 quum
1478 2090 1601 2132 solus
1629 2103 1792 2142 essem,
1824 2104 1910 2145 pu—

273 2172 466 2220 gnarent
498 2166 602 2208 1⁷3
631 2167 852 2211 aduersus
881 2182 952 2211 me
980 2167 1146 2219 omnia,
1177 2167 1300 2210 volui
1340 2174 1494 2210 tenere
1532 2166 1907 2219 mediocritatem,

272 2257 355 2286 nec
379 2242 602 2298 conijcere
625 2243 671 2285 in
699 2258 917 2300 magnum
947 2244 1127 2299 aliquod
1155 2243 1476 2288 detrimentum
1507 2243 1797 2296 Societatem,
1830 2245 1913 2286 sed

273 2326 371 2362 tuta
393 2320 521 2375 sequi
544 2320 749 2374 consilia,
774 2328 835 2373 et,
862 2321 898 2364 si
922 2321 1030 2376 quid
1053 2321 1202 2365 acrius
1224 2328 1344 2365 esset
1367 2323 1612 2378 agendum,
1638 2336 1687 2365 re
1708 2320 1906 2377 integra,

272 2398 421 2451 quoad
444 2397 541 2441 eius
563 2397 660 2440 fieri
682 2398 844 2454 potuit,
870 2398 1072 2455 generali
1095 2398 1350 2455 praeposito
1367 2413 1616 2443 reseruare.
1638 2397 1799 2442 Abieci
1817 2397 1907 2454 igi-

273 2480 345 2515 tur
360 2489 540 2519 omnem
559 2482 772 2518 conatum
788 2477 862 2520 vel
893 2476 1246 2520 contentionem.
1269 2476 1461 2519 Exercui
1490 2491 1635 2519 meam
1666 2472 1905 2534 visiltatio—

272 2566 392 2605 nem,
418 2551 554 2594 habui
584 2565 635 2606 14
652 2552 1003 2596 exhortationes.
1026 2554 1083 2595 Et
1099 2552 1287 2605 interea,
1308 2554 1416 2595 dum
1436 2553 1641 2607 veniunt,
1661 2568 1778 2608 quos
1796 2567 1906 2598 euo-

272 2642 498 2680 caueram,
539 2629 720 2672 visitaui
758 2629 950 2686 collegia
978 2630 1109 2686 regni
1137 2630 1409 2686 neapolitani
1438 2632 1476 2684 ³,
1509 2631 1589 2674 sed
1618 2645 1753 2686 quarn
1780 2630 1907 2686 potui

271 2704 554 2758 breuissime,
580 2706 643 2749 ita
665 2707 785 2751 enirn
806 2708 1032 2763 vrgebant
1054 2715 1260 2763 satrapae
1283 2723 1363 2763 per
1386 2708 1631 2751 Araozium
1654 2709 1685 2750 ⁴.

349 2790 356 2808 ¹
410 2789 767 2836 Ms.,pr0uinciae.

341 2851 354 2868 ‘²
406 2848 666 2895 SAccmNUS,
686 2850 758 2884 loc.
780 2850 872 2894 cit.‚
892 2862 956 2884 nn.
978 2850 1038 2896 46,
1058 2858 1117 2894 47.

341 2908 354 2927 ⁵
406 2907 556 2943 Ludere
589 2908 745 2943 videtur
776 2909 926 2944 Natalis
957 2910 1028 2944 hoc
1060 2910 1202 2953 verbo,
1235 2921 1311 2956 quo
1343 2910 1563 2955 significare
1595 2908 1717 2944 voluit
1748 2908 1904 2943 Novam

277 2965 508 3002 castellam.

344 3028 357 3046 Δ
408 3025 667 3072 ὃΑεεΗῐΝυε,
688 3029 760 3062 loc.
781 3028 864 3072 cit.7
885 3040 925 3062 n.
950 3028 1013 3072 48.
