1958 3210
761 189 980 224 APPEanx
1611 190 1678 224 661

51 306 139 336 me.
161 292 401 334 Caeterum
421 304 474 334 111
494 290 915 347 calendasJanuarij
935 290 1060 334 venit
1078 291 1134 333 ad
1146 305 1218 333 me
1235 289 1454 345 magister
1469 291 1634 333 Petrus
1656 293 1684 343 ¹,

51 365 140 393 vno
164 357 338 392 tantum
370 350 491 392 socio
522 349 784 402 comitatus,
817 356 862 391 et
891 364 944 393 eo
972 349 1107 402 laico,
1139 364 1220 404 pro
1251 363 1340 403 quo
1369 363 1461 392 non
1491 349 1688 392 minores

50 424 138 466 ago
162 409 330 465 gratias
353 411 405 451 R.
435 411 486 451 P.
515 411 591 461 V.,
618 423 751 464 quam
776 423 854 463 pro
878 408 1087 450 omnibus
1116 408 1228 463 alijs.
1256 410 1387 460 Nam,
1415 408 1499 450 nisi
1533 408 1686 451 venis-

3 509 9 516 ,
51 476 118 511 set
141 468 194 520 is,
220 469 495 524 permultum
519 469 574 510 de
597 475 774 511 vestrae
803 467 1043 511 Societatis
1072 467 1403 511 existimatione
1432 468 1685 510 detractum

51 527 223 570 fuisset.
252 528 426 571 Omnes
449 527 567 569 enim
591 541 713 569 nunc
737 533 861 568 tanto
885 527 1030 581 magis
1052 526 1262 581 propensi
1286 528 1472 569 suntad
1495 527 1679 569 audien-

49 587 158 629 dum
180 586 264 628 Dei
287 587 492 637 verbum,
520 594 689 640 quanto
712 585 857 641 magis
875 587 1118 628 abhorrent
1135 601 1160 627 a
1180 586 1400 627 faciendo.
1427 585 1627 627 Primum
1647 586 1684 628 is
1706 637 1712 642 ¹

51 648 415 701 Braunspergam
446 652 698 688 accesserat
732 645 872 699 pridie
900 644 1061 687 natalis
1091 644 1282 696 Christi,
1309 644 1385 686 vbi
1406 645 1686 699 praedicauit

50 704 183 748 etiam
207 704 253 745 in
271 704 343 747 die
361 704 504 746 sancti
523 704 757 759 Stephani,
781 704 957 759 fuitque
975 704 1142 759 populo
1161 704 1292 745 valde
1310 711 1484 759 gratus,
1506 704 1683 746 etiamsi

48 778 139 806 non
163 763 328 816 omnia,
355 777 471 818 quae
493 763 677 814 diceret,
705 763 811 805 satis
835 762 1211 818 intelligerentur.
1246 764 1337 806 Sed
1366 763 1581 817 paulatim
1612 778 1684 805 as-

48 829 228 865 suescet
251 822 312 863 illi
336 823 545 877 populus,
571 822 667 877 ipse
689 836 870 876 quoque
892 822 1095 877 linguam
1119 824 1237 863 hanc
1259 821 1418 865 melius
1441 821 1681 876 perdiscet.

49 883 165 925 Cum
190 881 373 925 fuissem
398 881 559 923 certior
584 882 729 923 factus
752 882 808 923 de
837 882 1038 924 aduentu
1061 880 1201 933 illius,
1234 895 1381 935 neque
1412 888 1562 924 tamen
1585 881 1685 935 quis

46 948 167 985 esset
189 941 298 982 mihi
321 940 558 995 quisquam
582 940 850 995 scripsisset,
878 940 1089 981 admonui
1110 940 1334 993 quendam
1357 955 1412 982 ex
1435 940 1680 991 canonicis,

48 1000 124 1055 qui
154 1014 276 1041 nunc
306 1002 651 1055 Braunspergae
679 999 828 1055 degit,
860 1006 908 1040 vt
937 1013 1040 1042 eum
1071 999 1131 1040 ibi
1161 998 1376 1042 retineret
1404 999 1680 1053 aliquandiu.

9 1063 17 1066 ’
49 1060 291 1102 Caeterum
316 1073 404 1113 quo
427 1058 499 1102 die
522 1058 738 1113 scriptum
762 1058 805 1099 id
829 1073 854 1100 a
871 1072 942 1100 me
966 1058 1066 1109 fuit,
1088 1057 1297 1099 nimirum
1322 1057 1419 1113 ipso
1442 1057 1515 1099 die
1538 1058 1683 1100 sancti

40 1118 244 1175 Joannis,
271 1117 477 1160 discessit
499 1117 572 1160 ille
598 1120 917 1172 Braunsperga
940 1124 984 1160 et
1006 1118 1062 1160 ad
1086 1131 1156 1158 me
1180 1118 1431 1171 fratresque
1455 1132 1578 1169 suos,
1605 1117 1683 1172 qui

48 1191 227 1221 mecum
251 1177 322 1219 hic
346 1184 496 1228 erant,
529 1177 674 1228 venit,
706 1179 981 1230 hortatuque
1010 1191 1110 1218 meo
1143 1176 1407 1219 concionem
1438 1176 1595 1218 habuit
1628 1177 1685 1218 ad

47 1237 263 1292 populum
300 1236 397 1291 ipso
427 1236 499 1279 die
528 1235 883 1278 circumcisionis
914 1235 1118 1286 Domini,
1152 1250 1285 1289 quam
1316 1244 1361 1277 et
1394 1250 1480 1290 ego
1510 1234 1680 1278 audiui:

48 1296 179 1338 valde
201 1295 311 1337 mihi
334 1296 565 1350 probatur,
588 1295 672 1337 etsi
690 1309 774 1337 nec
791 1309 879 1350 ego
897 1294 1004 1337 satis
1023 1296 1171 1336 adhuc
1190 1294 1497 1349 intelligebam
1518 1294 1680 1336 omnia.

49 1355 163 1398 Nam
188 1354 272 1397 alia
295 1355 488 1410 quadam
516 1354 656 1396 vtitur
685 1354 892 1405 dialecto,
919 1368 1009 1395 non
1033 1361 1182 1395 tamen
1214 1352 1275 1395 ita
1297 1354 1489 1395 multum
1524 1355 1578 1395 ab
1601 1355 1684 1396 hac

46 1421 199 1456 nostra
222 1413 460 1456 differenti.
489 1413 629 1468 Coepi
653 1420 808 1469 postea
834 1413 1093 1455 familiarius
1116 1412 1191 1454 illo
1209 1413 1288 1463 vti,
1311 1420 1355 1455 et
1373 1412 1516 1467 reperi
1540 1412 1684 1454 virum

0 1516 3 1518 .
46 1486 146 1516 esse
168 1474 284 1515 bene
307 1474 506 1524 doctum,
534 1473 819 1527 prudentem,
845 1486 994 1526 neque
1018 1473 1207 1527 uulgare
1230 1471 1388 1513 iuditio
1410 1471 1681 1526 praeditum.

0 1550 11 1567 ·-
47 1532 158 1576 Sum
197 1531 314 1574 illius
352 1531 682 1574 consuetudine
721 1533 855 1575 ualde
884 1532 1150 1573 delectatus.
1185 1531 1275 1574 Sed
1305 1530 1364 1582 is,
1398 1544 1501 1572 cum
1531 1530 1589 1572 sit
1617 1531 1686 1571 vir

46 1605 213 1646 magno
235 1591 430 1645 quodam
454 1592 566 1643 zelo,
592 1606 683 1633 non
705 1591 851 1646 potuit
873 1590 1036 1633 adduci
1060 1604 1236 1632 mecum
1256 1596 1304 1630 vt
1326 1597 1685 1633 commoraretur

46 1650 232 1702 diutius,
274 1650 383 1704 quin
422 1657 467 1694 et
504 1665 661 1694 omnes
698 1650 808 1692 alios
847 1651 1006 1693 fratres
1035 1664 1142 1691 suos
1170 1648 1275 1690 hinc
1304 1648 1492 1704 expulit,
1535 1656 1594 1700 et,
1628 1649 1684 1690 ad

6 1757 17 1765 ⁵
47 1711 449 1765 Braunspergense
484 1709 808 1752 monasterium
844 1716 892 1751 vt
928 1708 1348 1764 proficiscerentur,
1389 1709 1683 1751 vehementer

10 1794 15 1796 -
43 1768 170 1811 vrsit.
204 1770 325 1824 Ego,
358 1783 461 1811 cum
489 1769 649 1811 scirem
679 1783 769 1810 non
799 1783 982 1824 prorsus
1016 1768 1164 1809 adhuc
1197 1767 1258 1808 ibi
1289 1773 1459 1822 pestem
1493 1767 1683 1821 sopitam

46 1827 199 1879 fuisse,
226 1836 538 1871 conatus-sum
562 1843 639 1871 eos
662 1828 856 1871 retinere
878 1843 957 1883 per
980 1827 1076 1870 dies
1106 1827 1310 1880 aliquod,
1343 1840 1446 1868 cum
1478 1840 1683 1880 praeser—

20 1924 24 1927 ,
44 1886 122 1928 tim
145 1888 345 1929 nondum
368 1887 516 1930 omnia
539 1887 646 1930 satis
669 1887 886 1929 instructa
913 1893 1064 1930 essent
1094 1886 1140 1927 in
1164 1886 1238 1927 illo
1270 1885 1559 1928 monasterio.
1588 1886 1681 1928 Ve-

8 1963 9 1966 ¹
43 1960 141 1988 rum
164 1945 237 1988 ille
260 1946 402 1988 teneri
425 1947 548 1989 nulla
571 1946 742 1989 ratione
766 1946 920 2001 patuit.
949 1945 1072 1988 Dixit
1094 1959 1142 1987 se
1167 1944 1333 1987 uidisse
1357 1944 1587 1987 cellarium
1608 1943 1680 1986 in-

3 2022 5 2025 ⁴
42 2012 264 2047 structum
288 2006 494 2060 ceruisia,
521 2006 748 2061 lignorum
774 2019 953 2061 quoque
975 2004 1066 2046 vim
1096 2005 1355 2056 adductam,
1381 2011 1560 2047 caetera
1594 2003 1680 2044 mi-

23 2092 26 2094 v
43 2078 151 2106 nore
175 2064 360 2120 negotio
385 2065 529 2120 parari
553 2080 702 2120 posse,
724 2079 807 2108 nec
826 2078 925 2107 esse
948 2078 1029 2106 cur
1046 2063 1118 2106 hic
1138 2063 1245 2106 uelit
1264 2062 1467 2105 cunctari
1487 2061 1676 2115 diutius,

0 2143 8 2164 τ
43 2137 125 2166 nec
150 2124 289 2165 ullum
313 2139 412 2167 esse
436 2124 682 2179 periculum
707 2139 732 2166 a
755 2131 895 2179 peste.
920 2124 1035 2166 Cum
1055 2123 1115 2165 ita
1139 2122 1339 2165 uiderem
1358 2121 1585 2164 hominem
1604 2136 1679 2163 vr—

0 2209 18 2238 i
43 2196 165 2237 gere,
192 2183 314 2225 nolui
338 2183 532 2227 retinere
554 2183 739 2226 diutius.
767 2185 937 2237 Itaque,
964 2183 1085 2236 quod
1110 2181 1260 2233 foeliX,
1287 2182 1486 2223 faustum
1516 2187 1562 2222 et
1587 2181 1678 2222 for—

42 2247 250 2284 tunatum
272 2244 397 2285 Deus
421 2257 519 2286 esse
542 2243 668 2294 uelit,
696 2257 742 2285 VI
767 2257 908 2285 nonas
939 2241 1073 2283 huius
1098 2240 1265 2282 mensis
1288 2255 1374 2281 vna
1409 2254 1511 2281 cum
1545 2253 1679 2281 oeco-

4 2303 15 2362 ’1
43 2314 175 2342 nomo
213 2315 312 2343 meo
342 2302 531 2356 profecti
559 2312 665 2344 sunt
696 2304 1077 2356 Braunspergam.
1112 2301 1325 2342 Vestrum
1356 2298 1440 2342 erit
1470 2297 1680 2353 precibus

2 2372 10 2409 J
43 2360 190 2402 Deum
216 2360 422 2415 fatigare,
449 2376 540 2415 quo
564 2376 692 2404 suam
715 2360 801 2402 illis
826 2360 1017 2416 gratiam
1037 2358 1279 2413 impartiat,
1301 2365 1350 2399 vt
1368 2358 1559 2398 multum
1583 2357 1678 2398 fru—

7 2472 9 2476 .
43 2425 165 2461 ctum
188 2420 347 2461 afferre
370 2427 553 2474 queant.
581 2422 681 2475 Ego
707 2434 886 2475 pueros,
922 2433 1035 2473 quos
1064 2418 1136 2460 hic
1164 2431 1341 2459 mecum
1372 2416 1532 2467 habui,
1565 2430 1681 2457 non—

42 2477 149 2519 dum
173 2477 288 2530 misi,
315 2493 463 2533 neque
487 2479 656 2521 mittam
684 2478 886 2521 fortassis
915 2485 1019 2520 ante
1043 2475 1452 2531 quadragesimam;
1479 2489 1613 2530 quam
1634 2482 1681 2516 vt

44 2537 213 2591 absque
236 2538 379 2579 turbis
409 2537 631 2592 aliquibus
662 2537 935 2592 transigere,
968 2538 1228 2589 laetumque
1257 2536 1423 2590 pascha
1452 2534 1680 2577 celebrare

43 2596 189 2647 detur,
222 2596 383 2638 vestris
414 2597 621 2651 precibus
658 2596 864 2638 adiuuari
892 2603 1011 2650 petO.
1046 2595 1265 2650 Magister
1294 2593 1474 2647 quidem
1517 2594 1680 2635 Petrus

0 2676 3 2690 ι
42 2669 132 2696 non
156 2669 295 2710 paruo
319 2655 426 2697 mihi
449 2656 626 2699 videtur
648 2655 907 2698 adiumento
931 2655 1126 2696 futurus.
1155 2654 1293 2708 Quod
1316 2658 1538 2707 superest,
1570 2658 1677 2706 opto

10 2720 14 2725 '
44 2714 96 2756 R.
124 2715 176 2756 P.
204 2715 260 2757 V.
287 2714 363 2756 diu
387 2729 486 2758 esse
508 2715 679 2758 saluam
703 2721 747 2756 et
769 2714 1057 2763 incolumem,
1079 2726 1242 2766 meque
1262 2710 1539 2753 orationibus
1558 2709 1677 2752 illius

43 2774 322 2815 commendo.
350 2775 417 2815 Ex
440 2780 587 2816 castro
610 2788 710 2816 meo
734 2772 993 2828 Heilsperg,
1021 2772 1093 2815 die
1123 2786 1152 2814 X
1176 2770 1396 2827 Januarij,
1433 2784 1552 2812 anno
1582 2771 1678 2812 Do-

43 2844 150 2873 m1n1
174 2846 217 2874 M.
245 2847 290 2875 D.
319 2847 422 2876 LXV.

117 2964 122 2983 ¹
176 2962 315 2997 Petrus
336 2963 442 2997 Phae
453 2989 461 2998 .
