1958 3210
808 186 896 223 1557
1617 180 1658 215 13

43 298 141 327 esse
157 283 203 325 in
225 280 487 337 Hispaniam
516 281 730 333 eundum;
755 281 835 322 sed
863 279 972 322 illud
995 280 1211 332 additum,
1231 287 1279 322 vt
1297 280 1657 336 quandoquidem

43 360 127 403 alia
149 359 205 402 de
226 373 273 401 re
295 363 414 401 esset
436 357 748 412 alloquuturus
767 358 902 400 Pater
923 356 1117 399 vicarius
1139 371 1362 399 summum
1382 357 1656 412 pontificem,

44 436 187 479 obiter
213 435 268 477 de
296 434 370 475 illa
398 432 676 488 profectione
704 432 948 488 attingeret
983 432 1173 487 aliquid,
1207 448 1296 487 quo
1333 433 1531 476 animum
1562 434 1659 477 eius

42 512 307 567 exploraret,
333 509 443 551 nihil
466 509 601 551 aliud.
631 509 861 551 Pontificis
883 508 1023 564 igitur
1045 509 1221 552 animus
1243 524 1298 552 ex
1315 510 1383 552 his
1401 510 1659 566 conijci'po-

44 588 145 640 tuit,
168 601 271 630 nam
302 585 494 642 primum
523 585 768 642 respondit:
805 587 894 628 «Ite
917 586 952 627 si
976 585 1123 628 velitis
1145 585 1190 627 in
1214 586 1476 641 Hispaniam
1487 603 1522 630 »ε
1548 589 1657 630 sub-

43 664 170 707 didit:
205 664 309 707 «sed
336 662 444 718 quid
473 662 581 706 estis
610 662 752 705 acturi
787 662 831 703 in
870 662 1114 717 Hispania?
1146 678 1254 704 num
1291 664 1347 705 ad
1384 663 1578 707 schisma
1615 672 1659 708 et

42 739 260 784 haeresim
280 738 473 794 Philippi
490 738 627 781 vultis
644 739 939 782 concedere?›>
956 739 1203 780 «Nolumus
1214 756 1228 778 ›>
1241 772 1249 790 ,
1262 738 1406 793 inquit
1424 740 1661 783 subridens

45 816 251 860 vicarius.

131 892 248 936 Dein
265 891 420 947 paucis
436 891 613 945 diebus,
635 891 799 946 quibus
820 893 829 912 ¹
861 891 866 947 Ι
894 891 1018 935 venit
1036 893 1222 934 Romam
1247 892 1398 945 frater,
1425 908 1558 948 quem
1577 893 1659 935 mi—

46 976 163 1014 serat
185 971 236 1011 P.
269 970 304 1011 F
308 968 554 1020 ranciscus,
581 975 626 1011 et
654 968 840 1011 aderant
868 967 955 1010 iam
980 969 1032 1010 P.
1065 967 1236 1019 Simon,
1271 971 1321 1011 Ρ.
1344 971 1662 1013 Domenechus

45 1053 88 1090 et
106 1048 152 1089 Ρ.
175 1044 410 1097 Vinchius,
430 1045 576 1087 visum
594 1052 663 1087 est
685 1045 740 1087 de
758 1034 915 1088 eadem
934 1060 980 1088 re
997 1044 1085 1087 dici
1102 1045 1265 1089 iterum
1283 1046 1545 1098 sententias,
1568 1053 1662 1089 tum

45 1130 224 1180 propter
246 1136 388 1165 nouas
415 1135 574 1164 causas
601 1129 646 1164 et
674 1121 841 1173 literas,
868 1136 978 1176 quas
1007 1135 1158 1164 secum
1193 1123 1405 1165 attulerat
1434 1124 1568 1166 frater
1589 1123 1663 1166 ille

46 1198 357 1255 hispaniensis,
391 1205 436 1242 et
467 1198 701 1254 grauiores
734 1198 915 1253 quidem
947 1213 1097 1253 quam,
1119 1213 1234 1254 quae
1266 1199 1488 1255 prioribus
1525 1200 1666 1244 literis

47 1275 432 1332 significabantur,
459 1282 553 1317 tum
578 1276 698 1330 quod
720 1289 811 1317 non
829 1277 940 1318 adeo
964 1283 1115 1331 aperte
1143 1275 1481 1331 intelligebatur
1503 1277 1664 1319 summi

47 1351 269 1409 pontificis
291 1352 466 1395 animus
489 1352 597 1407 quin
629 1351 858 1395 videretur
880 1352 1109 1408 integrum
1128 1354 1184 1395 de
1212 1354 1369 1396 eadem
1397 1353 1659 1398 deliberare.

46 1428 203 1485 Igitur,
229 1428 359 1471 dictis
384 1431 568 1472 Patrum
592 1429 828 1484 sententijs
854 1430 1046 1485 (eramus
1069 1429 1187 1473 enim
1212 1444 1368 1473 omnes
1398 1430 1479 1485 14),
1502 1433 1553 1473 P.
1575 1433 1663 1473 Bo-

43 1505 206 1548 badilla
222 1513 266 1550 et
284 1507 335 1548 Ρ.
358 1506 514 1550 Simon
531 1514 823 1557 censuerunt,
836 1520 919 1549 nec
937 1507 1137 1549 eundum
1155 1506 1201 1548 in
1215 1506 1591 1562 Hispaniam,nec
1609 1522 1661 1550 ea

47 1583 102 1626 de
123 1597 170 1626 re
190 1583 429 1638 petendam
446 1582 670 1625 licentiam
689 1597 902 1625 asummo
914 1582 1142 1638 pontifice:
1164 1585 1217 1626 P.
1239 1584 1468 1626 Adrianus
1491 1599 1539 1627 se
1562 1599 1660 1640 pro—

46 1659 152 1704 bare
173 1666 332 1702 senten
348 1660 428 1703 44
455 1659 560 1702 tiam
585 1659 731 1702 Patris
754 1659 922 1714 vicarij:
946 1662 997 1702 P.
1020 1659 1173 1703 Violas
1196 1674 1247 1704 se
1262 1660 1307 1702 in
1325 1660 1549 1704 sententia
1567 1676 1666 1705 esse

46 1735 239 1792 plurium
261 1736 595 1792 suffragiorum:
622 1738 758 1780 Pater
778 1735 974 1778 vicarius
996 1750 1099 1779 cum
1122 1736 1306 1792 reliquis
1328 1751 1355 1793 9
1372 1752 1538 1793 magno
1562 1752 1665 1780 con-

48 1827 182 1856 sensu
210 1813 273 1856 sic
301 1813 526 1857 dixerunt:
557 1828 606 1857 se
633 1820 679 1855 et
706 1813 838 1866 velle,
864 1820 907 1856 et
934 1812 1133 1856 iudicare
1155 1828 1254 1857 esse
1283 1814 1482 1857 eundum
1511 1813 1556 1856 in
1580 1814 1665 1857 Hi—

48 1889 262 1946 spaniam,
287 1890 324 1933 si
348 1897 498 1933 tamen
526 1890 571 1932 id
600 1890 706 1932 boni
728 1890 934 1933 consulat
957 1904 1009 1932 ac
1031 1891 1191 1946 probet
1219 1905 1423 1933 summus
1446 1890 1662 1946 pontifex:

46 1965 107 2008 illi
128 1980 207 2022 per
227 1966 443 2010 vicarium
466 1981 566 2011 esse
588 1966 819 2022 primarias
842 1981 1017 2020 causas,
1044 1981 1161 2021 quae
1183 1981 1265 2009 nos
1288 1975 1540 2019 mouerent,
1562 1982 1659 2023 pro-

45 2044 274 2099 ponendas
303 2059 478 2087 summa
505 2043 757 2087 humilitate
785 2050 919 2098 atque
955 2043 1275 2086 indifferentia:
1308 2058 1391 2086 nos
1420 2045 1476 2086 ad
1499 2045 1666 2086 nullam

47 2126 215 2175 partem
238 2120 545 2174 inclinaturos,
571 2120 656 2163 nisi
679 2135 769 2175 quo
791 2120 1147 2176 intelligeremus
1169 2120 1465 2164 Sanctitatem
1488 2121 1503 2140 ²
1527 2122 1665 2164 Suam

48 2195 261 2240 inclinare
283 2198 314 2239 ³.

133 2274 259 2317 Haec
281 2273 441 2317 detulit
463 2273 656 2316 vicarius
676 2274 733 2316 ad
753 2273 1027 2329 pontificem,
1053 2273 1130 2329 qui
1152 2273 1302 2318 omnia
1318 2274 1515 2330 benigne
1538 2274 1666 2317 audi—

47 2348 127 2401 uit,
147 2357 191 2392 et
209 2349 482 2394 familiariter
509 2365 611 2393 cum
634 2350 801 2393 vicario
822 2350 933 2407 egit,
960 2365 1050 2393 non
1072 2351 1129 2394 de
1157 2350 1322 2393 nostris
1344 2352 1489 2393 solum
1512 2352 1663 2403 rebus,

49 2426 128 2469 sed
154 2427 213 2469 de‘
231 2426 324 2470 suis
346 2426 495 2470 etiam.

135 2504 359 2547 Euenerat
382 2511 529 2548 tamen
555 2505 668 2548 forte
696 2503 702 2561 Ι
729 2511 778 2546 vt
799 2504 1036 2547 infeliciter
1058 2511 1317 2560 pugnarent
1338 2504 1445 2560 galli
1467 2519 1570 2547 cum
1594 2505 1663 2546 hi-

49 2579 215 2635 spanis,
254 2588 299 2625 et
330 2580 562 2624 dissidium
585 2587 816 2637 praeterea
844 2587 992 2624 ortum
1021 2580 1138 2624 inter
1165 2582 1327 2624 ducem
1355 2580 1595 2636 guisanum
1625 2588 1670 2626 et

55 2656 285 2701 dominum
308 2658 557 2701 Antonium
581 2657 827 2701 Carrafam.

138 2733 259 2777 Illius
280 2734 476 2777 animum
505 2749 531 2777 a
557 2734 688 2790 gallis
715 2734 963 2786 auertebat,
994 2742 1039 2777 et
1061 2735 1117 2777 ad
1145 2748 1301 2790 pacem
1330 2749 1433 2778 cum
1459 2734 1665 2792 Philippo

52 2819 114 2826 ᾖ

120 2859 131 2878 ¹
181 2858 256 2893 Ms.
268 2884 276 2902 ,
290 2859 484 2905 paucibus
497 2860 632 2894 diebus
649 2859 789 2905 quibus
803 2859 959 2905 quibus.

118 2917 133 2937 ²
182 2917 259 2952 ΜΞ.
271 2945 280 2963 ,
300 2918 523 2953 Sanctitam
533 2946 540 2954 .

123 2975 136 2995 ³
185 2975 440 3021 SAccfflNth,
459 2978 532 3012 loc.
552 2977 621 3012 eit.
634 3003 643 3021 ,
658 2990 696 3012 n.
713 2985 772 3022 72.
818 3009 820 3011 ,

191 3045 304 3075 ΕΡιετ.
323 3046 359 3074 Ρ.
380 3047 513 3081 ΝΑῡΑι,
533 3055 606 3075 Tou.
626 3047 657 3075 11
1412 3049 1431 3077 3
