1958 3210
253 201 322 246 518
822 199 960 233 Eprs'r.
988 198 1032 232 P.
1061 196 1330 242 NADAL-348

255 303 335 354 cis,
358 318 473 358 quae
490 304 578 345 hoc
596 301 701 344 anni
720 300 888 344 circulo
907 306 1037 356 gesta
1053 299 1158 352 sint,
1180 301 1233 342 T.
1256 300 1309 342 R.
1339 301 1391 341 P.
1419 298 1707 354 perscribam3
1734 311 1817 341 nec
1834 298 1892 342 de

219 407 221 410 <
257 379 486 431 omnibus,
519 380 598 423 sed
626 379 681 421 de
711 377 765 421 iis
795 383 993 429 tantum,
1025 391 1141 431 quae
1170 391 1248 432 per
1269 391 1340 419 me
1362 374 1520 418 inutile
1542 374 1891 418 instrumentum

257 456 514 500 obedientia
536 456 633 499 fieri
658 455 816 498 uoluit.
846 456 918 508 Et,
945 461 995 496 ut
1018 470 1043 497 a
1066 453 1421 509 profectionibus
1442 451 1606 504 ordiar,
1639 452 1893 507 quadrage—

258 533 400 576 simali
420 540 620 589 tempore
643 532 806 575 missus
830 547 855 574 a
877 533 1006 574 Rmo.
1034 529 1323 586 strigoniensi
1352 531 1360 550 ¹
1386 530 1442 572 ad
1465 536 1676 571 montana
1699 529 1894 584 Hunga-

258 610 371 662 riae,
404 618 454 653 ut
484 610 651 654 ibidem
686 609 814 653 uerbi
848 621 1115 665 praeconem
1149 622 1202 650 eo
1235 615 1435 662 tempore
1464 620 1671 662 agerem,
1704 607 1898 649 honeste
1931 604 1933 610 ’

259 688 441 743 quidem
465 703 490 730 a
512 687 774 731 ciuitatibus
796 694 1013 741 exceptus
1036 700 1159 737 sum3
1186 699 1294 739 nam,
1315 683 1420 726 uino
1443 690 1488 726 et
1510 682 1709 739 piscibus
1731 682 1899 737 ubique

260 772 446 808 senatus
468 779 550 807 nos
578 764 844 807 honorando
874 762 1065 818 excepit.
1099 761 1231 805 Vecti
1261 768 1413 804 autem
1442 774 1599 802 sumus
1622 774 1757 802 curru
1779 761 1899 801 hun-

261 842 437 898 garico,
463 841 706 885 comitante
728 855 812 883 nos
845 841 1011 882 famulo
1040 838 1182 891 Rmi.,
1215 837 1292 893 qui
1321 845 1364 882 et
1397 844 1519 879 tutor
1542 843 1587 879 et
1616 836 1904 892 dispensator

262 934 411 962 rerum
436 918 790 963 necessariarum
820 932 845 959 a
867 918 999 959 Rmo.
1026 915 1157 958 nobis
1180 915 1420 958 adiunctus
1442 921 1526 966 est,
1552 920 1618 965 ut,
1644 913 1682 955 si
1699 927 1813 969 opus
1831 927 1904 956 es-
1942 946 1943 951 ,

263 1004 347 1048 set,
374 998 431 1039 ob
454 995 784 1040 haereticorum
807 994 1038 1046 malitiam,
1064 993 1198 1036 etiam
1222 992 1438 1035 militibus
1467 990 1813 1034 custodiremur.
1842 991 1907 1032 At

264 1089 358 1116 non
381 1059 660 1117 admiserunt
682 1087 765 1115 nos
788 1073 844 1115 ad
874 1077 1096 1128 suggesta
1123 1071 1326 1113 locorum
1355 1069 1531 1112 illorum
1561 1066 1799 1119 haeretici,
1825 1081 1904 1109 ex—>

265 1151 544 1194 cusationem
573 1150 922 1206 praetendentes
961 1149 1184 1190 tumultus
1222 1146 1397 1203 populi3
1430 1161 1533 1189 nam
1559 1145 1677 1189 idem
1707 1152 1775 1188 est
1803 1143 1906 1186 Wi—

267 1229 531 1284 tembergae
555 1235 600 1272 et
622 1227 668 1269 in
691 1226 917 1269 montanis
940 1225 1026 1268 illis
1049 1224 1235 1268 uersari.
1263 1225 1482 1276 Tandem,
1509 1224 1617 1265 dum
1640 1225 1752 1265 haec
1775 1236 1904 1277 prae-

267 1306 353 1348 suli
378 1306 591 1358 rescribo,
618 1312 662 1349 et
692 1318 870 1347 rursum
895 1310 1106 1359 expecto,
1133 1303 1259 1345 adest
1281 1301 1486 1344 uisitator
1509 1315 1563 1344 ex
1587 1299 1805 1355 capitulo,
1831 1296 1908 1353 qui

268 1383 423 1427 multis
452 1383 662 1440 precibus
695 1381 892 1426 obtinuit
927 1388 976 1423 ut
1011 1379 1359 1437 congregationi
1394 1379 1678 1422 sacerdotum
1717 1376 1910 1419 interes-

271 1478 381 1514 sem,
408 1476 498 1517 quo
521 1460 681 1504 maiori
704 1474 808 1503 cum
831 1458 997 1502 fiducia
1021 1459 1161 1502 uerba
1185 1458 1332 1501 facere
1355 1470 1524 1511 eosque
1546 1454 1804 1498 examinare
1827 1466 1911 1495 au-

271 1541 412 1583 deret.
442 1538 664 1582 Consensi
687 1536 881 1580 homini:
908 1536 1083 1580 inuenti
1106 1542 1211 1589 sunt
1242 1546 1283 1589 5,
1309 1541 1354 1578 et
1376 1533 1505 1590 primi
1528 1532 1625 1576 sine
1653 1531 1825 1582 ordine,
1851 1543 1906 1572 ex

270 1615 638 1673 witembergensi
656 1614 849 1671 collegio
867 1614 1006 1666 missi,
1023 1629 1102 1670 per
1119 1612 1451 1669 impositionem
1470 1624 1686 1653 manuum
1701 1606 1910 1658 ordinati,

270 1703 315 1738 et
333 1711 357 1737 a
377 1694 586 1750 Philippo
604 1694 800 1748 quodam
819 1692 870 1749 (si
888 1691 996 1735 satis
1015 1690 1230 1746 memini):
1251 1689 1297 1732 hi
1316 1704 1419 1732 curn
1439 1688 1665 1739 timerent,
1690 1686 1763 1742 [et]
1790 1700 1815 1727 a
1837 1699 1908 1728 me

270 1787 452 1828 quoque
474 1770 632 1813 moniti
655 1777 809 1814 essent
832 1784 909 1814 eos
934 1783 1081 1824 neque
1104 1774 1386 1811 sacramenta
1409 1765 1738 1817 administrare,
1764 1776 1912 1817 neque

271 1851 463 1894 uerbum
493 1848 578 1892 Dei
608 1848 830 1891 seminare
862 1862 994 1903 posse
1033 1846 1129 1889 sine
1167 1845 1372 1889 idolatria
1404 1851 1449 1888 et
1477 1842 1673 1886 maximo
1702 1839 1914 1884 scandalo

272 1942 324 1971 ac
343 1934 547 1983 peccato,
575 1940 710 1982 agere
733 1940 915 1980 quoque
938 1932 1096 1967 contra
1114 1923 1381 1979 scripturam
1401 1928 1448 1966 et
1470 1934 1629 1964 omnes
1647 1921 1823 1970 Patres3
1844 1915 1914 1958 ni—

272 2005 351 2048 hili
392 2006 620 2056 fecerunt,
662 2010 706 2046 et
746 2003 938 2046 tacendo
972 2000 1123 2058 potius
1155 2000 1306 2043 omnia
1337 2000 1616 2043 refutarunt:
1651 2009 1812 2051 quare,
1847 1994 1914 2035 lo—
1957 1987 1958 2023 Ῐ

272 2083 457 2138 quendo
475 2082 531 2124 ad
553 2096 664 2134 rem,
691 2081 747 2123 ab
773 2079 922 2122 officio
945 2080 1252 2135 deponuntur,
1274 2092 1345 2120 me
1363 2077 1600 2128 suadente,
1621 2090 1647 2117 a
1664 2072 1911 2116 uisitatore:

273 2161 324 2202 fit
356 2174 526 2212 rumor,
560 2159 801 2209 clamatur,
839 2171 1058 2199 uocamur
1086 2154 1277 2208 diaboli,
1309 2153 1422 2205 rasi,
1447 2152 1705 2196 sacerdotes
1735 2149 1844 2192 Baal
1872 2153 1917 2190 et

275 2236 562 2281 Antichristi.
592 2237 758 2278 Moneo
784 2233 1061 2277 familiariter
1085 2232 1234 2276 uerbis
1263 2230 1471 2273 mitibus:
1509 2244 1625 2272 «non
1648 2230 1738 2270 hoc
1760 2227 1918 2269 edocet

275 2313 568 2370 euangelium
606 2311 816 2359 inimicos
854 2311 1250 2366 blasphemandos:
1287 2303 1415 2351 orare
1444 2308 1458 2328 ²
1494 2306 1620 2349 iubet
1648 2318 1734 2361 pro
1767 2316 1919 2359 perse-

279 2392 569 2448 quentibus.»
595 2392 699 2434 Non
724 2396 847 2452 recte
868 2388 1009 2445 igitur
1032 2402 1109 2430 eos
1133 2401 1268 2443 agere
1291 2387 1399 2428 dum
1430 2382 1649 2428 conuiciis
1679 2380 1791 2424 alios
1814 2393 1919 2436 pro-

279 2469 508 2512 scindunt.
537 2468 628 2512 Sed
651 2466 761 2509 nihil
784 2480 967 2509 monere
990 2465 1122 2517 iuuit,
1149 2471 1194 2508 et
1217 2478 1294 2507 ora
1314 2462 1360 2505 in
1384 2476 1454 2505 me
1477 2460 1681 2503 coniecta
1703 2459 1760 2501 ad
1783 2457 1920 2499 male-

278 2546 521 2588 dicendum
554 2543 687 2588 culici
716 2543 1059 2599 aperiebantur,
1091 2541 1322 2584 diabolum
1351 2538 1497 2595 magis
1526 2551 1660 2592 quam
1693 2528 1946 2577 hominem'

281 2622 535 2666 clamantia:
563 2636 647 2666 nec
671 2621 813 2664 ualuit
837 2619 1073 2676 depositi03
1101 2633 1204 2662 nam
1228 2618 1285 2661 ad
1307 2631 1389 2660 sua
1411 2614 1589 2670 munia,
1621 2611 1832 2655 omnibus
1853 2609 1922 2651 in-

282 2700 410 2753 uitis,
444 2700 629 2743 abeunt.
664 2700 786 2755 Ego,
818 2697 1030 2741 omnibus
1058 2694 1443 2752 repugnantibus,
1474 2692 1519 2734 in
1549 2688 1761 2746 hospitali
1784 2687 1924 2729 libero

283 2784 374 2819 tres
391 2776 530 2819 habui
554 2790 803 2820 sermones:
830 2775 1033 2831 approbo
1056 2774 1178 2829 quod
1201 2772 1258 2815 sit
1281 2786 1389 2815 uera
1412 2768 1616 2814 ecclesia:
1639 2764 1925 2821 excipiuntur

282 2854 418 2906 dicta,
443 2854 495 2896 fit
517 2868 685 2906 rumor,
708 2852 936 2909 spargitur
953 2865 1183 2895 sermones
1200 2851 1344 2892 bonos
1361 2861 1476 2899 esse3
1499 2846 1579 2889 sed
1597 2852 1750 2887 tamen
1767 2841 1813 2883 in
1830 2838 1926 2883 aliis

359 2964 365 2982 ¹
419 2960 604 2995 Nicolaus
623 2960 787 3006 Olahus,
807 2958 1122 3005 archiepiscopus
1141 2955 1426 3002 strigoniensis.

354 3024 367 3042 ²
419 3021 509 3066 Ms.,
525 3023 687 3056 orante.
