1958 3210
247 157 316 196 594
864 156 1005 192 EPJST.
1039 158 1085 194 P.
1119 159 1269 196 NADAL

335 251 579 307 Inscriptio
616 255 665 296 in
703 259 870 310 quarta
900 260 1107 315 pagina:
1152 262 1212 304 Al
1257 264 1375 306 Rdo.
1417 264 1462 307 in
1500 266 1682 310 Christo
1713 271 1873 323 Padre,

244 311 365 413 {gr}
392 312 563 367 Jacopo
586 313 766 367 Laines,
794 317 909 360 MrO.
946 320 1157 374 generale
1180 321 1297 366 della
1318 324 1600 382 Compagnia
1622 328 1694 373 del
1716 329 1872 374 Giesu.

346 383 461 414 oma.

1003 528 1043 571 V
1077 529 1116 585 (a
1184 568 1186 570 .

613 615 756 656 OTTO
783 619 1091 658 TRUCHSESS
1119 624 1188 659 DE
1216 625 1524 666 WALDBURG

823 697 1031 734 cardinalis
1058 706 1299 747 augustanus

776 789 918 820 PATRI
952 791 1133 830 JACOBO
1166 794 1340 825 LAINEZ

713 864 939 921 Dilingae,
967 880 1022 924 29
1046 869 1195 911 Martii
1224 880 1334 928 1559
1363 873 1392 914 ¹.

242 948 544 986 concionatoris
584 953 626 987 in
666 954 828 989 ecclesia
861 956 1086 992 cathedrali
1124 963 1358 1006 augustana
1398 961 1573 1009 officium
1619 967 1672 1001 Β.
1716 966 1879 1004 Canisio

308 1010 553 1047 demandari
567 1014 709 1058 poscit:
730 1014 939 1051 Societatis
964 1019 1127 1063 operam
1152 1019 1195 1054 in
1219 1019 1295 1055 illa
1319 1021 1480 1058 civitate
1495 1023 1766 1073 fructiferam
1783 1028 1879 1074 fore

309 1071 529 1107 existimat.

327 1149 468 1192 Molto
491 1151 610 1194 Rdo.
644 1151 689 1194 in
713 1153 917 1206 Christo,
945 1169 1071 1199 come
1103 1157 1294 1201 fratello.
1329 1160 1470 1203 Molto
1499 1169 1647 1218 tempo
1675 1166 1734 1207 ho
1755 1166 1875 1209 desi—

238 1208 393 1251 derato
418 1210 498 1252 far’
526 1212 720 1265 qualche
751 1214 1102 1258 demostratione
1134 1231 1264 1260 uerso
1293 1219 1335 1261 la
1365 1220 1649 1278 Compagnia
1677 1225 1750 1268 del
1765 1227 1876 1283 Jesu

238 1267 282 1309 di
311 1268 488 1324 erigere
517 1273 594 1312 un'
625 1272 843 1329 collegio,
876 1289 1014 1318 ouero
1044 1276 1124 1318 far'
1160 1278 1350 1333 qualche
1379 1280 1492 1323 altra
1520 1296 1676 1337 opera3
1702 1299 1774 1327 ma
1797 1300 1876 1341 per

240 1327 350 1383 uarij
376 1328 569 1372 disturbi
591 1345 682 1374 non
705 1333 763 1375 ho
791 1333 879 1376 mai
908 1341 1066 1390 potuto
1094 1337 1294 1380 mandar'
1327 1339 1383 1381 ad
1406 1341 1674 1387 executione
1696 1358 1783 1387 con
1807 1346 1874 1388 ef-

240 1387 350 1430 fetto
372 1395 534 1443 questo
563 1391 651 1434 mio
679 1391 914 1437 desiderio.
944 1396 1020 1438 Ma
1048 1410 1127 1451 per
1156 1411 1247 1440 non
1275 1399 1451 1454 perder’
1485 1407 1636 1458 tempo
1666 1402 1711 1446 in
1737 1411 1871 1458 tutto,

237 1447 296 1489 ho
321 1448 475 1491 uoluto
505 1464 754 1505 proponere
783 1454 892 1496 hora
921 1468 946 1496 a
978 1455 1038 1498 V.
1079 1457 1135 1498 P.
1175 1471 1265 1499 una
1294 1460 1566 1503 commodita
1595 1464 1678 1507 che
1701 1463 1745 1506 di
1769 1479 1870 1520 pre-

237 1514 364 1550 sente
387 1507 447 1550 mi
470 1508 507 1550 si
530 1510 736 1554 offerisce
758 1527 837 1568 per
859 1513 900 1556 la
929 1512 1037 1558 citta
1058 1514 1102 1556 di
1125 1516 1355 1572 Augusta,
1381 1526 1426 1561 et
1448 1520 1472 1562 e
1491 1529 1664 1575 questa.
1693 1524 1871 1567 Vacan-

237 1566 311 1619 do,
332 1582 412 1623 per
428 1575 570 1612 morte
592 1570 636 1612 di
663 1573 737 1613 un’>
762 1573 942 1616 valente
965 1575 1198 1631 theologo,
1225 1577 1266 1619 la
1288 1577 1573 1632 predicatura
1590 1582 1706 1626 della
1723 1584 1876 1628 chiesa

237 1628 493 1671 cathedrale
515 1629 560 1671 di
583 1631 818 1686 Augusta,
849 1632 880 1674 il
903 1632 1096 1688 capitolo
1120 1636 1258 1679 molto
1279 1637 1485 1682 desidera
1507 1639 1552 1682 di
1575 1642 1769 1686 seruirse
1792 1659 1871 1699 per

237 1687 386 1741 quella
408 1688 451 1730 d’
477 1702 538 1730 un
564 1690 710 1735 Padre
731 1692 847 1735 della
869 1693 1174 1750 Compagnia,
1205 1702 1249 1739 et
1279 1697 1429 1752 percio
1457 1714 1550 1743 non
1574 1702 1822 1746 solamente
1843 1705 1868 1747 e

237 1746 441 1790 bramato
474 1748 547 1790 dal
580 1749 797 1806 capitolo,
830 1767 902 1795 ma
938 1753 994 1796 da
1027 1769 1097 1797 me
1134 1755 1545 1812 particularmente,
1578 1761 1634 1804 da
1662 1761 1691 1803 li
1715 1762 1868 1816 nobili,

236 1805 342 1849 dalli
363 1807 528 1863 patritij
554 1815 600 1853 et
620 1810 825 1866 populari
848 1811 878 1854 il
903 1814 958 1855 Ρ.
992 1813 1196 1867 Canisio,
1224 1817 1356 1871 quale
1379 1817 1424 1860 in
1454 1826 1613 1873 questa
1635 1821 1873 1866 settimana

237 1872 367 1909 santa
389 1881 474 1910 con
497 1869 800 1924 grandissimo
824 1885 1042 1916 concorso
1065 1880 1110 1918 et
1133 1874 1367 1919 incredibil
1390 1879 1529 1921 frutto
1558 1881 1616 1922 ha
1643 1881 1872 1936 predicato

237 1941 263 1968 a
287 1925 377 1970 mia
399 1926 630 1981 instantia,
656 1936 702 1973 et
725 1932 782 1973 ha
805 1931 970 1976 lassato
994 1940 1118 1976 tanto
1140 1935 1362 1980 desiderio
1384 1937 1429 1979 di
1452 1952 1500 1981 se
1528 1953 1554 1981 a
1577 1940 1682 1982 tutti
1703 1942 1778 1984 noi
1807 1943 1863 1985 al-

240 1984 312 2038 tri,
339 1987 424 2030 che
446 2002 537 2030 non
561 2003 695 2044 posso
718 2005 928 2036 mancare
956 1991 999 2035 di
1029 1992 1248 2039 ricercare
1276 1997 1668 2043 affettuosamente
1692 2015 1717 2043 a
1740 2016 1872 2046 nome

239 2044 284 2087 di
309 2045 415 2089 tutti
439 2048 499 2091 V.
535 2049 607 2101 P.,
634 2048 678 2091 di
709 2051 849 2095 uoler'
880 2053 1104 2096 consolar'
1135 2054 1165 2096 li
1185 2053 1401 2110 :catholici
1429 2056 1474 2099 in
1502 2059 1545 2100 13
1572 2058 1679 2103 citta
1702 2061 1745 2103 d'
1771 2062 1872 2104 Au-

239 2111 393 2162 gusta,
426 2109 716 2152 comettendo
745 2111 785 2153 al
814 2110 928 2154 ditto
966 2113 1022 2155 P.
1067 2113 1250 2157 Canisio
1286 2117 1370 2160 che
1402 2117 1563 2160 accetti
1595 2118 1625 2161 il
1652 2120 1799 2164 carico
1827 2121 1872 2164 di

241 2172 402 2222 questa
424 2167 725 2223 predicatura.
759 2172 848 2214 Per
874 2172 917 2214 la
946 2173 1078 2226 quale
1106 2173 1136 2215 il
1164 2174 1357 2230 capitolo
1385 2181 1629 2233 assegnara
1660 2194 1747 2223 una
1769 2194 1872 2224 casa

241 2239 423 2281 capace,
450 2242 539 2270 non
565 2229 815 2274 solamente
837 2231 881 2274 di
911 2246 1011 2275 esso
1041 2234 1092 2276 P.
1123 2234 1326 2289 Canisio,
1363 2250 1434 2279 ma
1463 2251 1626 2282 ancora
1654 2239 1699 2282 di
1722 2240 1871 2284 alcuni

238 2284 339 2327 altri
362 2287 623 2344 compagni.

327 2346 457 2390 Oltre
479 2347 523 2389 di
548 2355 725 2404 questo,
751 2349 794 2391 io
817 2357 861 2393 et
884 2349 913 2392 il
936 2350 1130 2407 capitolo
1152 2352 1181 2395 li
1207 2368 1527 2410 assegnaremo
1556 2364 1678 2402 certa
1700 2374 1870 2403 somma

237 2403 282 2446 di
306 2405 476 2459 denari,
503 2407 633 2462 grani
656 2415 701 2452 et
723 2409 858 2465 legna
880 2425 960 2465 per
982 2412 1309 2457 sustentatione
1332 2429 1429 2469 sua,
1456 2422 1501 2459 et
1523 2416 1568 2459 di
1590 2418 1681 2460 fino
1703 2434 1728 2462 3
1749 2432 1777 2474 4
1800 2424 1826 2463 0
1846 2431 1868 2475 5

238 2478 445 2519 persone,
471 2481 607 2510 senza
630 2467 847 2512 ricercare
870 2470 926 2512 da
948 2470 1010 2512 lui
1033 2478 1155 2515 certa
1177 2472 1452 2530 obligatione
1481 2490 1619 2519 ouero
1646 2486 1870 2523 contratto

236 2523 280 2565 di
304 2539 541 2578 consenso,
568 2529 651 2570 che
675 2530 856 2582 quando
878 2530 1127 2574 occorrisse
1148 2533 1190 2575 al
1212 2533 1337 2576 detto
1361 2536 1416 2577 P.
1452 2536 1633 2579 Canisio
1655 2552 1733 2593 per
1759 2540 1868 2583 obe-

236 2583 405 2628 dientia
426 2585 471 2628 di
494 2588 554 2630 V.
589 2590 645 2630 P.
678 2587 723 2630 di
745 2590 912 2632 andare
934 2589 979 2632 in
1003 2591 1114 2634 altra
1136 2599 1283 2647 parte,
1316 2601 1494 2650 potesse
1523 2596 1754 2643 sustituire
1778 2613 1868 2642 uno

236 2643 352 2687 della
374 2645 657 2703 Compagnia
681 2647 725 2690 in
748 2648 847 2691 loco
869 2664 970 2692 suo.

326 2706 401 2748 Ma
423 2720 502 2760 per
524 2705 554 2748 il
577 2706 794 2763 principio
817 2708 862 2751 in
885 2709 993 2765 ogni
1017 2711 1150 2753 modo
1171 2711 1288 2755 saria
1309 2714 1563 2758 necessario
1586 2718 1669 2760 che
1692 2717 1782 2773 egli
1806 2719 1867 2761 fa·

236 2776 362 2807 cesse
385 2779 467 2808 sua
490 2766 732 2811 residentia
754 2770 989 2824 personale
1011 2769 1057 2812 in
1079 2771 1309 2827 Augusta,
1335 2776 1566 2817 mettendo
1587 2775 1631 2818 in
1660 2791 1868 2832 possesso

309 2908 318 2927 ¹
370 2908 427 2942 Ex
446 2909 672 2957 archetypo,
693 2910 731 2946 in
754 2910 853 2947 Cod.
881 2913 940 2958 38,
961 2913 1103 2960 triplici
1122 2914 1213 2960 fol.,
1233 2923 1279 2959 50
1293 2915 1499 2962 (732-735).
1520 2918 1619 2954 Vide
1639 2931 1756 2967 pagg.
1782 2919 1867 2968 430,

233 2952 297 2999 431
320 2959 359 2989 et
376 2955 459 3000 4663
481 2961 520 2993 et
538 2958 893 3005 BRAUNSBERGER,
914 2962 989 2998 loc.
1015 2962 1106 3008 cit.,
1125 2963 1162 2999 II
1182 2968 1220 3000 et
1240 2964 1309 3009 III,
1329 2965 1486 3013 passim·
