1958 3210
813 168 901 213 1546
1658 178 1669 202 1

799 429 919 469 ⁶2⁰4

667 537 735 593 [P.
773 538 1043 581 NATALls

460 657 797 686 EPHEMERIDES
831 655 893 686 ΑΒ
926 658 1053 687 ΑΝΝΟ
1093 644 1202 697 1546
1240 645 1247 662 ¹

567 749 700 784 PARS
728 750 892 784 PRIMA
923 749 1138 794 1546-1557]

130 910 225 951 Fol.
254 909 331 952 23
775 913 918 959 [15]46

129 1004 204 1046 Ad
225 1005 347 1046 huno
372 1017 514 1059 usque
535 1018 721 1057 annum,
747 1003 916 1046 dietum
941 1004 987 1046 in
1009 1003 1217 1059 apologia
1238 1003 1295 1045 ad
1317 1002 1524 1044 doctores
1545 1000 1665 1056 pari—

0 1086 3 1089 *
39 1079 225 1123 sienses.
269 1081 399 1123 Bulla
435 1080 763 1123 coadiutorum.
798 1080 1079 1123 praedicatio
1106 1079 1152 1121 in
1182 1078 1356 1135 plateis.
1383 1077 1581 1135 Jacobus
1610 1078 1665 1119 ad

112 1253 122 1273 ¹
173 1252 231 1286 Ex
250 1253 504 1298 autographo,
523 1252 563 1287 in
586 1251 680 1288 Cod.
699 1262 734 1294 2,
755 1257 860 1287 tomo
879 1253 910 1298 Ι,
926 1264 1014 1298 pag.
1034 1260 1264 1287 Xle-XXVII
1282 1250 1493 1297 descripto.
1518 1250 1562 1284 P.
1589 1250 1665 1284 Na-

39 1309 125 1345 talis
144 1310 427 1357 Ephemerides
445 1311 484 1346 in
502 1311 597 1346 duas
612 1316 741 1358 partes
760 1311 957 1358 dispertiri
971 1310 1172 1346 commode
1191 1305 1368 1357 possunt}
1384 1309 1520 1356 prima,
1541 1309 1663 1343 multo

32 1369 361 1416 compendiosior,
381 1382 443 1405 res
462 1370 667 1406 universae
686 1370 894 1406 Societatis
913 1371 961 1406 ab
980 1382 1080 1405 anno
1102 1371 1191 1415 1546
1206 1370 1253 1404 ad
1271 1369 1361 1414 1556
1374 1367 1662 1415 complectitur,

35 1428 176 1474 quibus
194 1428 345 1464 accedit
368 1428 490 1464 fusior
514 1430 707 1464 enarratio
731 1431 944 1473 turbarum,
969 1441 1068 1476 quae
1093 1435 1183 1464 ante
1207 1428 1369 1475 primam
1393 1427 1663 1473 congregatio-

36 1498 126 1522 nem
143 1489 368 1532 generalem
386 1500 408 1523 a
431 1489 511 1524 ΡΡ.
536 1489 738 1524 Bobadilla
756 1494 795 1524 et
814 1488 952 1524 Pontio
971 1488 1164 1523 excitatae
1182 1487 1339 1523 fuerunt
1357 1489 1495 1532 (1557),
1515 1486 1555 1522 ff.
1580 1486 1661 1531 1-48

38 1557 114 1581 non
144 1547 246 1591 sign.
275 1547 401 1593 Hujus
432 1547 578 1594 primae
609 1548 743 1595 partis,
774 1548 823 1583 ad
851 1548 969 1583 finem
998 1559 1122 1594 usque
1146 1547 1236 1582 anni
1270 1547 1374 1593 1556,
1404 1546 1481 1581 duo
1505 1550 1661 1581 exstant

38 1607 214 1652 exempla
244 1606 283 1641 in
312 1607 449 1642 eodem
479 1607 633 1642 codiee:
666 1609 832 1643 alterum
861 1608 1139 1654 apographum,
1171 1606 1234 1641 cui
1264 1606 1431 1652 ipsemet
1457 1606 1505 1641 P.
1537 1605 1663 1640 Nadal

38 1676 152 1699 manu
171 1665 323 1712 propria
340 1667 409 1701 has
428 1667 607 1713 apposuit
630 1667 922 1702 annotationes:
948 1666 1060 1702 initio
1079 1665 1191 1712 primi
1205 1665 1300 1700 folii:
1325 1665 1376 1699 Lo
1395 1677 1468 1710 que
1493 1667 1591 1699 auia
1608 1665 1662 1700 de

30 1735 99 1759 -ser
116 1727 228 1760 antes
245 1726 364 1767 desto,
385 1728 474 1760 stein
493 1738 543 1761 en
560 1727 690 1761 Roma
709 1727 755 1762 de
773 1727 832 1762 mi
849 1738 969 1761 mano
987 1724 1098 1761 'entre
1116 1726 1174 1760 los
1187 1725 1349 1771 papeles
1366 1736 1438 1770 que
1457 1725 1494 1759 io
1513 1725 1607 1758 dexef
1622 1723 1663 1758 al

39 1784 88 1818 P.
110 1784 296 1826 Bentian,
316 1788 445 1820 rector
463 1786 527 1821 del
545 1787 732 1833 collegio:
747 1799 772 1832 y
791 1787 829 1821 io
847 1786 1022 1821 tambie'n
1041 1786 1078 1820 lo
1108 1785 1232 1820 embio
1256 1787 1281 1819 ά
1304 1785 1433 1818 Roma
1452 1786 1530 1830 por
1554 1795 1659 1817 mar.

37 1843 81 1877 In
99 1842 165 1877 fol.
185 1853 206 1887 9
224 1855 262 1878 v.
283 1849 322 1878 et
340 1844 406 1880 fol.
431 1854 472 1879 10
490 1846 586 1880 haec
605 1846 653 1880 ab
673 1845 811 1880 eodem
829 1850 1013 1880 annotata
1030 1848 1231 1891 apparent:
1256 1844 1308 1878 Lo
1326 1855 1399 1889 que
1417 1845 1523 1878 resta
1537 1842 1662 1877 embio

34 1903 72 1937 io
90 1905 116 1936 ά
133 1903 276 1945 Roma,
291 1916 316 1949 y
326 1903 566 1950 fdcilmente
581 1916 620 1940 se
633 1906 763 1951 puede
779 1905 931 1940 scriuir
948 1905 983 1940 si
999 1916 1038 1939 se
1056 1905 1272 1951 perdiesse,
1286 1906 1438 1950 porque
1461 1913 1500 1937 es
1526 1902 1563 1936 lo
1589 1913 1662 1947 que

25 1963 144 2007 passe'
161 1973 209 1997 en
227 1963 373 2010 tiempo
391 1976 464 2010 qne
482 1976 553 2000 era
570 1965 607 2000 el
625 1966 761 2000 Padre
779 1966 947 2006 vicario,
963 1977 987 2010 y
1001 1964 1342 2011 principalmente
1360 1963 1407 1997 de
1425 1963 1462 1997 lo
1486 1963 1532 1996 de
1556 1962 1662 1996 Pon-

31 2021 85 2055 tio
99 2032 123 2065 y
142 2022 374 2066 Bobadilla‚·
386 2036 410 2069 y
429 2023 466 2058 lo
490 2025 626 2059 (ἰωκάς
651 2035 690 2059 es
709 2027 829 2070 parte
853 2025 899 2059 de
926 2025 963 2058 lo
993 2025 1040 2058 de
1069 2024 1109 2058 la
1141 2023 1445 2070 congregation.
1477 2021 1585 2055 Hase
1615 2021 1661 2055 de

25 2081 181 2115 afiadir
199 2081 236 2115 lo
254 2081 331 2127 [de]
349 2083 514 2129 despue's
531 2084 577 2118 de
596 2084 637 2118 la
653 2084 957 2130 congregation,
983 2086 1053 2118 etc.
1078 2083 1163 2117 Hoc
1187 2087 1473 2127 transumptum
1496 2081 1661 2114 habetur

33 2138 73 2173 in
97 2139 136 2174 ff.
166 2148 237 2185 1—9‚
264 2152 340 2175 non
365 2141 439 2186 sig.
464 2142 509 2176 In
533 2141 604 2177 fol.
638 2150 680 2177 10
704 2154 743 2177 v.
769 2141 920 2177 Natalis
939 2152 1074 2176 manu:
1098 2140 1400 2176 Coaezsemanda.
1423 2139 1511 2174 Alia
1528 2148 1657 2173 manu:

33 2196 276 2245 Reponenda
294 2201 402 2235 inter
419 2201 589 2236 Diaria.
622 2202 666 2236 In
689 2202 763 2236 hoc
786 2201 905 2248 priori
929 2200 1156 2247 exemplari,
1181 2199 1452 2235 desiderantur
1476 2210 1535 2243 ea,
1560 2209 1659 2244 quae

32 2257 83 2292 ad
100 2269 242 2293 annum
263 2268 353 2304 1557
371 2265 563 2306 spectant.
626 2260 628 2262 ’

107 2317 285 2353 Alterum
316 2320 528 2366 exemplar,
553 2325 678 2355 totum
701 2319 852 2355 Natalis
875 2331 992 2354 manu
1017 2323 1215 2354 exaratum
1247 2324 1287 2353 et
1315 2316 1585 2364 frequentibus
1611 2316 1659 2350 ab

34 2376 121 2422 ipso
151 2377 489 2414 emendationibus
513 2379 762 2424 castigatum,
789 2384 849 2414 est
872 2378 1061 2424 originale
1090 2378 1193 2413 unde
1224 2377 1317 2413 illud
1346 2376 1452 2423 prius
1481 2374 1662 2410 transcri-

36 2440 145 2481 ptum
162 2435 249 2480 fuit,
268 2437 371 2483 quod
388 2438 535 2484 aliquas
553 2438 663 2484 parvi
680 2438 866 2474 momenti
883 2438 1079 2473 variantes
1096 2449 1188 2484 prae
1205 2449 1249 2472 se
1272 2437 1361 2481 fert,
1384 2447 1480 2483 quas
1503 2434 1660 2482 quidem

36 2494 291 2540 negligendas
309 2497 591 2543 existimamus,
610 2509 656 2533 eo
674 2498 778 2544 quod
803 2497 842 2533 in
864 2497 1062 2544 praesenti
1085 2496 1209 2543 prima
1232 2495 1404 2531 editione
1428 2495 1660 2541 Ephemeri-

28 2554 130 2588 >dum
149 2554 275 2600 ipsum
294 2556 443 2591 Natalis
461 2557 742 2603 autographum
761 2557 1005 2592 exhibemus.

103 2613 397 2660 Autographum
411 2614 529 2661 igitur
542 2615 688 2662 primae
703 2616 822 2662 partis
837 2617 1150 2663 Ephemeridum
1165 2616 1330 2650 habetur
1343 2614 1383 2649 in
1397 2614 1437 2648 ff.
1454 2612 1562 2658 23-48
1580 2623 1657 2648 non

32 2671 134 2717 sign.
155 2673 199 2707 In
217 2684 284 2707 ora
301 2674 490 2720 superiori
507 2675 604 2710 haec
621 2686 691 2710 sua
707 2686 823 2710 manu
846 2674 1003 2721 scripsit
1026 2673 1190 2709 Natalis:
1216 2675 1282 2709 Ad
1307 2674 1412 2708 hunc
1439 2683 1557 2718 vsque
1586 2683 1657 2706 an-

31 2742 129 2765 num
150 2731 278 2777 [1546]
296 2733 446 2768 dictum
463 2734 508 2769 in
526 2735 715 2781 apologia
732 2736 786 2770 ad
802 2735 978 2770 doctores
996 2734 1254 2781 parisienses,
1279 2733 1391 2768 Hane
1414 2736 1545 2767 autem
1567 2741 1657 2776 apo-

33 2789 176 2835 logiam
193 2791 381 2826 hactenus
400 2803 477 2827 non
494 2792 676 2828 vidimus.
695 2794 745 2828 Et
761 2794 858 2828 haec
875 2793 924 2828 de
943 2792 1060 2839 priori
1074 2798 1181 2838 parte
1197 2791 1525 2838 Ephemeridum,
1545 2788 1657 2835 eujus

32 2847 125 2883 folia
142 2860 220 2884 non
238 2849 392 2895 signata
408 2849 530 2886 fuisse
544 2851 623 2897 jam
641 2851 825 2887 diximus.

105 2906 285 2943 Secunda
303 2920 405 2955 pars,
429 2909 540 2956 cujus
563 2910 604 2945 ff.
629 2910 782 2956 signata
804 2916 909 2957 sunt,
932 2916 1086 2946 constat
1110 2910 1150 2945 ff.
1179 2918 1298 2954 1-207‚
1322 2920 1462 2955 resque
1483 2909 1532 2943 ab
1555 2917 1657 2942 anno

39 2965 130 3011 1553
146 2966 195 3002 ad
213 2979 387 3003 mensem
405 2968 627 3014 Augustum
645 2969 736 3005 anni
756 2969 846 3014 1562
863 2982 886 3004 a
908 2970 1038 3005 Natali
1060 2969 1306 3016 potissimum
1330 2973 1462 3014 gestas
1489 2967 1657 3012 comple-
