1958 3210
733 201 948 237 APPENDJX
1577 200 1643 244 589

30 300 261 345 viennensi
286 300 347 342 fui
371 301 649 344 examinatus
673 307 716 343 et
739 308 1000 357 receptus...
1034 302 1135 344 Non
1165 314 1260 342 sum
1294 301 1516 343 sacerdos:
1543 302 1644 343 nul-

29 363 120 404 lum
143 359 331 415 gradum
355 360 707 402 ecclesiasticum
738 361 893 403 habeo
928 361 1122 403 Tantum
1152 359 1196 400 in
1225 359 1414 414 collegio
1443 360 1644 403 vienensi

30 420 107 464 fui.
140 420 188 461 In
216 418 479 474 probatione
514 419 575 463 fui
604 434 681 475 per
715 434 852 462 vnum
882 433 1048 462 annum
1077 420 1190 462 duos
1219 433 1395 462 menses
1425 433 1502 463 sex
1531 419 1640 462 dies,

30 478 122 537 Ην,
149 488 249 535 795,
277 478 399 544 7961„
1521 537 1529 544 ,

122 549 158 580 Ι.
232 537 454 579 Vzcentzus
496 537 726 579 Pouellus.
781 549 825 580 2.
878 538 1037 580 Annos
1079 545 1211 581 natus
1254 538 1324 589 26,
1370 544 1417 579 vt
1459 551 1635 592 opinor.

31 610 70 651 3.
96 596 277 651 Anglus
298 595 478 638 natione
501 597 572 637 vel
594 596 843 648 britannus;
870 611 960 638 non
977 595 1096 638 enim
1113 597 1269 639 eadem
1288 596 1452 638 vtimur
1469 596 1641 652 lingua.

35 667 98 698 12.
119 657 220 712 Jam
243 661 429 709 quartus
446 655 679 697 absolutus
702 662 770 698 est
787 670 933 697 annus
957 655 1065 708 fere,
1091 657 1211 710 quod
1242 655 1399 698 fuerim
1423 655 1467 697 in
1491 655 1647 699 Socie-

31 721 166 757 tatem
190 713 411 756 admissus
434 713 477 756 in
502 714 610 757 vrbe
633 728 830 766 romana,
857 721 901 757 et
930 714 974 756 in
997 715 1130 757 domo
1153 714 1391 759 Societatis
1407 716 1517 771 Jesu
1539 729 1646 758 exa—

31 772 226 815 minatus
254 772 431 827 prius...
471 785 536 825 14.
570 773 788 816 Sacerdos
817 787 935 815 sum.
980 783 1048 827 15.
1088 775 1137 816 In
1166 773 1357 829 collegio
1386 788 1572 816 romano
1603 783 1647 816 et

31 831 383 888 ingolstadiensi.
418 832 482 874 16.
510 831 675 875 Solitas
697 832 983 888 probationes
1006 832 1090 874 feci
1119 832 1164 875 in
1192 833 1325 875 domo
1354 847 1492 875 vnum
1520 847 1648 876 men—

30 906 140 943 sem,
165 898 210 933 et
231 892 450 933 hactenus
479 905 504 933 a
525 899 717 946 quatuor
739 891 866 934 annis
889 890 934 933 in
957 891 1196 935 Societate.
1231 893 1289 934 1.⁰
1312 891 1534 934 Exercitia
1557 892 1647 947 spi—

31 949 206 993 ritualia
233 964 476 1005 numquam
507 949 607 992 feci.
642 949 710 992 2.⁰
745 950 924 994 Seruiui
958 950 1229 1006 pauperibus
1266 951 1310 992 in
1346 950 1642 994 xenodochio.

33 1009 97 1064 3.⁰
120 1009 300 1052 Nullam
322 1008 729 1064 peregrinationem
760 1009 804 1051 in
836 1016 1099 1065 paupertate
1120 1009 1291 1065 peregi.
1324 1011 1394 1064 4⁰
1417 1011 1466 1052 In
1489 1010 1648 1065 officijs

31 1068 285 1112 domesticis
312 1074 517 1110 versatus
550 1082 665 1111 sum.
706 1068 772 1122 5.⁰
809 1068 1070 1111 Doctrinam
1099 1069 1386 1111 christianam
1415 1083 1577 1125 pueros
1605 1076 1649 1112 et

31 1142 242 1185 personas
270 1127 404 1170 rudes
433 1141 522 1169 non
550 1127 699 1170 docui.
733 1126 801 1169 6.⁰
830 1127 1083 1170 Conciones
1112 1128 1354 1183 aliquando
1379 1128 1538 1180 habui,
1571 1128 1649 1171 sed

32 1187 245 1243 priuatas.
280 1186 596 1229 Confessiones
625 1186 793 1239 audiui;
820 1186 1034 1230 lectiones
1063 1187 1265 1242 publicas
1293 1202 1383 1230 non
1412 1187 1567 1230 habui.
1602 1188 1649 1229 In

33 1246 258 1302 theologia
287 1252 518 1301 praeterea
545 1260 702 1301 parum
731 1253 951 1288 versatus.
990 1247 1059 1288 18.
1093 1248 1210 1289 Vota
1238 1246 1474 1291 Societatis
1504 1247 1649 1289 habeo

32 1305 247 1361 simplicia
269 1305 361 1348 fere
383 1319 407 1347 a
430 1312 621 1359 quatuor
644 1304 787 1347 annis.
818 1306 909 1360 [IV‚
937 1306 1054 1360 798}

125 1377 159 1407 Ι.
236 1365 361 1406 Vitas
382 1365 541 1406 Lz'ner.
570 1376 610 1406 2.
637 1363 853 1408 Sedecim.
883 1377 922 1418 3.
950 1363 1193 1406 Tirolensis
1220 1364 1477 1419 prouinciae
1501 1372 1544 1408 et
1566 1379 1646 1420 pa-

33 1423 114 1465 tria
137 1423 397 1466 Brixinae...
427 1434 467 1476 7.
495 1423 726 1477 Sequebar
747 1429 897 1465 autem
919 1429 1086 1465 statum
1109 1423 1445 1475 sacerdotalem,
1472 1431 1516 1467 et
1546 1438 1649 1467 uer--

32 1490 154 1525 satus
183 1497 282 1524 sum
310 1497 484 1537 semper
513 1482 630 1524 circa
654 1481 856 1524 studia...
902 1494 966 1524 12.
1001 1481 1239 1524 Dominica
1268 1482 1549 1525 «Inuocavit»
1584 1483 1649 1525 fui

32 1548 251 1597 receptus,
272 1548 316 1584 et
339 1556 364 1584 a
387 1543 521 1584 Patre
538 1541 707 1584 Lanoio
725 1541 771 1583 in
789 1540 995 1592 Bauaria,
1016 1541 1060 1583 in
1079 1541 1269 1596 collegio
1287 1541 1646 1597 ingolstadiensi3

32 1601 109 1643 sed
131 1602 186 1644 de
208 1601 414 1644 examine
436 1600 546 1642 nihil
569 1600 676 1643 scio.
705 1600 832 1643 Licet
856 1600 1015 1642 fuerim
1044 1607 1251 1655 receptus
1279 1600 1323 1642 in
1354 1601 1649 1656 quadragesi-

32 1674 117 1712 ma,
143 1667 291 1702 tamen
313 1659 357 1701 in
376 1659 447 1702 die
464 1660 510 1703 S.
532 1659 717 1715 Georgij
738 1659 970 1715 ingressus
986 1673 1085 1701 sum
1105 1658 1343 1715 collegium
1363 1660 1645 1715 Monachij...

38 1732 104 1772 14.
137 1719 258 1762 Nihil
280 1719 445 1763 habeo:
471 1719 643 1761 nullum
664 1718 884 1762 ordinem.
917 1729 982 1772 15.
1010 1720 1206 1761 Tantum
1229 1718 1273 1760 in
1297 1718 1373 1762 illo
1397 1719 1473 1761 ubi
1503 1721 1649 1761 adhuc

30 1793 128 1821 sum
148 1778 221 1821 hic
245 1777 484 1832 Monachij.
513 1777 646 1834 [Solu]
676 1788 715 1832 5.
738 1779 918 1821 Nullam
936 1777 1295 1833 progressionem
1315 1778 1525 1821 maiorem
1546 1778 1646 1831 feci,

33 1851 161 1892 quam
185 1837 271 1880 iam
294 1837 338 1879 in
363 1837 589 1881 Societate
612 1836 658 1880 in
680 1837 904 1892 exercitijs
927 1836 1247 1892 spiritualibus;
1274 1839 1352 1880 sed
1370 1838 1414 1881 in
1432 1837 1529 1893 alijs
1552 1845 1648 1881 stu-

32 1896 115 1952 dijs
136 1896 246 1939 nihil
270 1896 453 1951 profeci,
479 1898 558 1939 sed
579 1896 724 1951 magis
745 1896 903 1939 defeci.
935 1897 1026 1951 HV,
1049 1897 1149 1949 817,
1176 1897 1292 1951 818].

124 1968 160 1999 Ι.
235 1956 534 1999 Wendelinus.
564 1968 604 1998 2.
631 1955 805 2012 Viginti
834 1962 1021 2011 septem.
1051 1968 1089 2009 3.
1122 1956 1377 1998 Germanus
1406 1971 1459 1999 ex
1481 1956 1649 1998 ducatu

33 2014 431 2071 wirtembergensi,
464 2030 519 2058 ex
556 2014 720 2070 oppido
749 2014 1009 2070 Besigkain.
1050 2025 1091 2067 7.
1125 2015 1175 2057 In
1202 2015 1323 2058 nulla
1352 2029 1398 2056 re
1427 2022 1645 2058 versatus:

32 2074 188 2130 studijs
210 2075 444 2118 honestam
474 2073 666 2129 aliquam
696 2074 814 2118 vitae
837 2073 1140 2117 conditionem
1169 2075 1377 2117 venabar.
1414 2075 1649 2130 Paedago-

33 2146 139 2188 gum
177 2134 250 2189 agi
279 2133 372 2190 [sic]
402 2133 688 2176 biennium...
727 2146 798 2178 12.
838 2134 977 2177 Sacro
1012 2134 1305 2176 Pentecostes
1334 2134 1448 2176 festo
1476 2140 1647 2189 septem
1699 2142 1703 2146 ·

33 2192 134 2235 anni
158 2193 299 2247 fuere,
331 2193 450 2248 quod
483 2194 652 2236 Romae
679 2192 723 2234 in
748 2194 881 2235 domo
902 2191 1177 2248 probationis
1200 2207 1226 2234 a
1254 2193 1366 2235 Rdo.
1395 2194 1529 2235 Patre
1560 2194 1647 2235 Po-

33 2251 159 2294 lanco
176 2259 384 2308 receptus
401 2259 445 2295 et
463 2252 742 2295 examinatus
762 2252 870 2294 tui...
898 2264 963 2305 14.
985 2250 1202 2306 Indignus
1226 2251 1427 2307 proximo
1450 2252 1634 2294 Penthe-

35 2318 178 2355 costes
199 2313 318 2356 sesto
342 2312 398 2354 ad
420 2311 656 2366 sacerdotij
681 2311 948 2368 dignitatem
971 2317 1203 2365 promotus
1231 2325 1346 2362 sum,
1374 2324 1462 2364 qua
1480 2312 1649 2365 absque

35 2370 281 2414 tentatione
306 2371 395 2413 ulla
417 2385 569 2414 carere
592 2370 853 2426 potuissem.
881 2380 947 2424 15.
969 2371 1137 2412 Romae
1158 2368 1203 2410 in
1226 2370 1359 2412 domo
1377 2368 1649 2424 probationis

35 2429 227 2473 medium
246 2445 430 2482 annum,
448 2429 677 2472 Bononiae
696 2444 879 2481 annum,
899 2428 1101 2473 Viennae
1119 2429 1232 2472 duos
1250 2442 1407 2481 annos,
1424 2428 1646 2484 Monachij

36 2496 226 2543 quatuor
248 2503 404 2532 annos.
434 2490 526 2544 HV,
550 2490 650 2542 761,
676 2490 794 2544 762].

175 3068 289 3102 Emsr.
313 3070 354 3100 P.
377 3071 508 3108 NADAL,
530 3072 617 3101 Tou.
640 3068 686 3099 11.
1477 3063 1512 3090 139
