<?xml version="1.0" encoding="UTF-8"?>
<!DOCTYPE html PUBLIC "-//W3C//DTD XHTML 1.0 Transitional//EN"
    "http://www.w3.org/TR/xhtml1/DTD/xhtml1-transitional.dtd">
<html xmlns="http://www.w3.org/1999/xhtml" xml:lang="en" lang="en">
 <head>
  <title>
</title>
<meta http-equiv="Content-Type" content="text/html;charset=utf-8" />
  <meta name='ocr-system' content='tesseract 3.04.00' />
  <meta name='ocr-capabilities' content='ocr_page ocr_carea ocr_par ocr_line ocrx_word'/>
</head>
<body>
  <div class='ocr_page' id='page_1' title='image "./epistolaephieron09nada_0236.png"; bbox 0 0 1958 3210; ppageno 0'>
   <div class='ocr_carea' id='block_1_1' title="bbox 244 198 1296 243">
    <p class='ocr_par' dir='ltr' id='par_1_1' title="bbox 244 198 1296 243">
     <span class='ocr_line' id='line_1_1' title="bbox 244 198 1296 243; baseline -0.006 -4"><span class='ocrx_word' id='word_1_1' title='bbox 244 212 314 239; x_wconf 87' lang='lat'><em>210</em></span> <span class='ocrx_word' id='word_1_2' title='bbox 788 199 927 234; x_wconf 85' lang='lat' dir='ltr'><em>EP1ST.</em></span> <span class='ocrx_word' id='word_1_3' title='bbox 954 198 998 234; x_wconf 92' lang='lat' dir='ltr'><em>P.</em></span> <span class='ocrx_word' id='word_1_4' title='bbox 1027 198 1248 234; x_wconf 80' lang='lat' dir='ltr'>NADAL-z</span> <span class='ocrx_word' id='word_1_5' title='bbox 1252 208 1296 243; x_wconf 85' lang='lat'><em>52</em></span> 
     </span>
    </p>
   </div>
   <div class='ocr_carea' id='block_1_2' title="bbox 247 300 1942 512">
    <p class='ocr_par' dir='ltr' id='par_1_2' title="bbox 247 300 1942 512">
     <span class='ocr_line' id='line_1_2' title="bbox 267 300 1942 356; baseline -0.001 -9"><span class='ocrx_word' id='word_1_6' title='bbox 267 306 336 347; x_wconf 90' lang='lat' dir='ltr'><em>En</em></span> <span class='ocrx_word' id='word_1_7' title='bbox 363 304 549 345; x_wconf 85' lang='lat' dir='ltr'><em>Trento.</em></span> <span class='ocrx_word' id='word_1_8' title='bbox 571 301 678 342; x_wconf 79' lang='lat' dir='ltr'><em>Alia</em></span> <span class='ocrx_word' id='word_1_9' title='bbox 707 314 851 342; x_wconf 77' lang='lat' dir='ltr'><em>marm</em></span> <span class='ocrx_word' id='word_1_10' title='bbox 875 300 1002 342; x_wconf 64' lang='lat' dir='ltr'><em>ibai..-</em></span> <span class='ocrx_word' id='word_1_11' title='bbox 1032 300 1157 355; x_wconf 85' lang='lat'><em>1563.</em></span> <span class='ocrx_word' id='word_1_12' title='bbox 1193 301 1459 345; x_wconf 80' lang='lat' dir='ltr'><em>salamanca</em></span> <span class='ocrx_word' id='word_1_13' title='bbox 1483 302 1535 344; x_wconf 91' lang='lat' dir='ltr'><em>P.</em></span> <span class='ocrx_word' id='word_1_14' title='bbox 1567 301 1780 354; x_wconf 84' lang='lat' dir='ltr'><em>AlcaraZ,</em></span> <span class='ocrx_word' id='word_1_15' title='bbox 1817 312 1874 356; x_wconf 73' lang='lat'><em>25</em></span> <span class='ocrx_word' id='word_1_16' title='bbox 1940 315 1942 320; x_wconf 90' lang='lat'>·</span> 
     </span>
     <span class='ocr_line' id='line_1_3' title="bbox 249 377 1882 435; baseline -0.001 -11"><span class='ocrx_word' id='word_1_17' title='bbox 249 381 293 424; x_wconf 85' lang='lat' dir='ltr'><em>di</em></span> <span class='ocrx_word' id='word_1_18' title='bbox 325 382 528 423; x_wconf 84' lang='lat' dir='ltr'><em>Genaro.</em></span> <span class='ocrx_word' id='word_1_19' title='bbox 562 378 709 420; x_wconf 75' lang='lat' dir='ltr'><em>Manu</em></span> <span class='ocrx_word' id='word_1_20' title='bbox 737 379 794 420; x_wconf 91' lang='lat' dir='ltr'><em>P.</em></span> <span class='ocrx_word' id='word_1_21' title='bbox 822 378 1018 420; x_wconf 79' lang='lat' dir='ltr'><em>Polancz‘</em></span> <span class='ocrx_word' id='word_1_22' title='bbox 1051 378 1184 419; x_wconf 68' lang='lat' dir='ltr'><em>ilud..-</em></span> <span class='ocrx_word' id='word_1_23' title='bbox 1208 378 1312 433; x_wconf 77' lang='lat' dir='ltr'><em>Que</em></span> <span class='ocrx_word' id='word_1_24' title='bbox 1336 377 1405 420; x_wconf 88' lang='lat' dir='ltr'><em>sin</em></span> <span class='ocrx_word' id='word_1_25' title='bbox 1430 378 1596 434; x_wconf 78' lang='lat' dir='ltr'><em>replica</em></span> <span class='ocrx_word' id='word_1_26' title='bbox 1629 393 1677 423; x_wconf 86' lang='lat' dir='ltr'><em>se</em></span> <span class='ocrx_word' id='word_1_27' title='bbox 1707 393 1822 435; x_wconf 85' lang='lat' dir='ltr'><em>vaya</em></span> <span class='ocrx_word' id='word_1_28' title='bbox 1850 383 1882 422; x_wconf 64' lang='lat' dir='ltr'><em>a.</em></span> 
     </span>
     <span class='ocr_line' id='line_1_4' title="bbox 247 455 1598 512; baseline -0.002 -11"><span class='ocrx_word' id='word_1_29' title='bbox 247 456 489 512; x_wconf 84' lang='lat' dir='ltr'><em>Portugal,</em></span> <span class='ocrx_word' id='word_1_30' title='bbox 516 469 545 510; x_wconf 91' lang='lat' dir='ltr'>y</span> <span class='ocrx_word' id='word_1_31' title='bbox 567 469 627 497; x_wconf 93' lang='lat' dir='ltr'><em>no</em></span> <span class='ocrx_word' id='word_1_32' title='bbox 650 455 691 496; x_wconf 90' lang='lat' dir='ltr'><em>le</em></span> <span class='ocrx_word' id='word_1_33' title='bbox 714 468 922 511; x_wconf 90' lang='lat' dir='ltr'><em>occupen</em></span> <span class='ocrx_word' id='word_1_34' title='bbox 945 470 1003 498; x_wconf 90' lang='lat' dir='ltr'><em>en</em></span> <span class='ocrx_word' id='word_1_35' title='bbox 1025 455 1131 498; x_wconf 85' lang='lat' dir='ltr'><em>leer.</em></span> <span class='ocrx_word' id='word_1_36' title='bbox 1158 455 1317 511; x_wconf 73' lang='lat' dir='ltr'><em>Sigillz‘</em></span> <span class='ocrx_word' id='word_1_37' title='bbox 1338 456 1598 512; x_wconf 80' lang='lat' dir='ltr'><em>vestigium.</em></span> 
     </span>
    </p>
   </div>
   <div class='ocr_carea' id='block_1_3' title="bbox 579 639 1586 882">
    <p class='ocr_par' dir='ltr' id='par_1_3' title="bbox 579 639 1586 882">
     <span class='ocr_line' id='line_1_5' title="bbox 1005 639 1128 678; baseline 0 0"><span class='ocrx_word' id='word_1_38' title='bbox 1005 639 1128 678; x_wconf 64' lang='lat'><strong>25⁶³.-</strong></span> 
     </span>
     <span class='ocr_line' id='line_1_6' title="bbox 579 729 1586 774; baseline 0.002 -2"><span class='ocrx_word' id='word_1_39' title='bbox 579 729 1256 774; x_wconf 83' lang='lat' dir='ltr'><em>P.H1ERONYMUS</em></span> <span class='ocrx_word' id='word_1_40' title='bbox 1308 731 1586 774; x_wconf 87' lang='lat' dir='ltr'><strong>NADAL</strong></span> 
     </span>
     <span class='ocr_line' id='line_1_7' title="bbox 759 835 1373 882; baseline 0.003 -12"><span class='ocrx_word' id='word_1_41' title='bbox 759 836 920 871; x_wconf 82' lang='lat' dir='ltr'><strong>PATRI</strong></span> <span class='ocrx_word' id='word_1_42' title='bbox 947 835 1153 882; x_wconf 86' lang='lat' dir='ltr'>JACOBO</span> <span class='ocrx_word' id='word_1_43' title='bbox 1179 837 1373 872; x_wconf 85' lang='lat' dir='ltr'>LAINEZ</span> 
     </span>
    </p>
   </div>
   <div class='ocr_carea' id='block_1_4' title="bbox 605 919 1522 966">
    <p class='ocr_par' dir='ltr' id='par_1_4' title="bbox 605 919 1522 966">
     <span class='ocr_line' id='line_1_8' title="bbox 605 919 1522 966; baseline 0 -10"><span class='ocrx_word' id='word_1_44' title='bbox 605 928 862 963; x_wconf 73' lang='lat' dir='ltr'>OENIPONTE,</span> <span class='ocrx_word' id='word_1_45' title='bbox 896 927 938 964; x_wconf 88' lang='lat'><em>14</em></span> <span class='ocrx_word' id='word_1_46' title='bbox 964 928 1018 954; x_wconf 83' lang='lat' dir='ltr'><em>ET</em></span> <span class='ocrx_word' id='word_1_47' title='bbox 1047 920 1089 954; x_wconf 87' lang='lat'><em>16</em></span> <span class='ocrx_word' id='word_1_48' title='bbox 1116 928 1343 956; x_wconf 80' lang='lat' dir='ltr'><strong>FEBRUARII</strong></span> <span class='ocrx_word' id='word_1_49' title='bbox 1374 919 1465 966; x_wconf 85' lang='lat'>1563</span> <span class='ocrx_word' id='word_1_50' title='bbox 1494 923 1522 956; x_wconf 85' lang='lat'><em>¹.</em></span> 
     </span>
    </p>
   </div>
   <div class='ocr_carea' id='block_1_5' title="bbox 247 1015 1892 1184">
    <p class='ocr_par' dir='ltr' id='par_1_5' title="bbox 247 1015 1892 1184">
     <span class='ocr_line' id='line_1_9' title="bbox 247 1015 1884 1064; baseline 0 -11"><span class='ocrx_word' id='word_1_51' title='bbox 247 1017 308 1053; x_wconf 86' lang='lat' dir='ltr'><em>De</em></span> <span class='ocrx_word' id='word_1_52' title='bbox 325 1029 395 1052; x_wconf 79' lang='lat' dir='ltr'><em>sao</em></span> <span class='ocrx_word' id='word_1_53' title='bbox 416 1018 575 1052; x_wconf 76' lang='lat' dir='ltr'><em>itinere:</em></span> <span class='ocrx_word' id='word_1_54' title='bbox 603 1017 649 1051; x_wconf 85' lang='lat' dir='ltr'><em>de</em></span> <span class='ocrx_word' id='word_1_55' title='bbox 675 1016 848 1063; x_wconf 79' lang='lat' dir='ltr'><em>negotiis</em></span> <span class='ocrx_word' id='word_1_56' title='bbox 871 1015 919 1050; x_wconf 89' lang='lat' dir='ltr'><em>ab</em></span> <span class='ocrx_word' id='word_1_57' title='bbox 943 1016 1027 1062; x_wconf 74' lang='lat' dir='ltr'><em>ipso</em></span> <span class='ocrx_word' id='word_1_58' title='bbox 1053 1019 1088 1051; x_wconf 76' lang='lat' dir='ltr'><em>et</em></span> <span class='ocrx_word' id='word_1_59' title='bbox 1116 1015 1279 1051; x_wconf 82' lang='lat' dir='ltr'><em>Canisio</em></span> <span class='ocrx_word' id='word_1_60' title='bbox 1300 1016 1356 1051; x_wconf 81' lang='lat' dir='ltr'><em>ibi</em></span> <span class='ocrx_word' id='word_1_61' title='bbox 1375 1018 1582 1064; x_wconf 78' lang='lat' dir='ltr'><em>gerendis:</em></span> <span class='ocrx_word' id='word_1_62' title='bbox 1600 1018 1835 1064; x_wconf 76' lang='lat' dir='ltr'><em>frequentes</em></span> <span class='ocrx_word' id='word_1_63' title='bbox 1859 1031 1884 1053; x_wconf 88' lang='lat' dir='ltr'><em>a</em></span> 
     </span>
     <span class='ocr_line' id='line_1_10' title="bbox 313 1076 1892 1126; baseline 0.001 -14"><span class='ocrx_word' id='word_1_64' title='bbox 313 1077 502 1126; x_wconf 78' lang='lat' dir='ltr'><em>generali</em></span> <span class='ocrx_word' id='word_1_65' title='bbox 519 1077 708 1123; x_wconf 78' lang='lat' dir='ltr'><em>epistolas</em></span> <span class='ocrx_word' id='word_1_66' title='bbox 732 1076 995 1122; x_wconf 69' lang='lat' dir='ltr'><em>Oenipontem</em></span> <span class='ocrx_word' id='word_1_67' title='bbox 1014 1076 1089 1111; x_wconf 81' lang='lat' dir='ltr'><em>sibi</em></span> <span class='ocrx_word' id='word_1_68' title='bbox 1107 1076 1202 1111; x_wconf 83' lang='lat' dir='ltr'><em>dari</em></span> <span class='ocrx_word' id='word_1_69' title='bbox 1222 1077 1416 1123; x_wconf 71' lang='lat' dir='ltr'><em>postulat,</em></span> <span class='ocrx_word' id='word_1_70' title='bbox 1442 1080 1485 1112; x_wconf 82' lang='lat' dir='ltr'><em>ut</em></span> <span class='ocrx_word' id='word_1_71' title='bbox 1508 1078 1653 1113; x_wconf 77' lang='lat' dir='ltr'><em>melius</em></span> <span class='ocrx_word' id='word_1_72' title='bbox 1670 1079 1804 1113; x_wconf 80' lang='lat' dir='ltr'><em>ardua</em></span> <span class='ocrx_word' id='word_1_73' title='bbox 1820 1090 1892 1114; x_wconf 69' lang='lat' dir='ltr'><em>rce-</em></span> 
     </span>
     <span class='ocr_line' id='line_1_11' title="bbox 313 1136 757 1184; baseline -0.005 -12"><span class='ocrx_word' id='word_1_74' title='bbox 313 1138 429 1184; x_wconf 76' lang='lat' dir='ltr'><em>gotia</em></span> <span class='ocrx_word' id='word_1_75' title='bbox 445 1148 589 1184; x_wconf 80' lang='lat' dir='ltr'><em>gerere</em></span> <span class='ocrx_word' id='word_1_76' title='bbox 606 1136 757 1171; x_wconf 83' lang='lat' dir='ltr'><em>valeat.</em></span> 
     </span>
    </p>
   </div>
   <div class='ocr_carea' id='block_1_6' title="bbox 249 1232 1889 1360">
    <p class='ocr_par' dir='ltr' id='par_1_6' title="bbox 249 1232 1889 1360">
     <span class='ocr_line' id='line_1_12' title="bbox 337 1232 1885 1288; baseline 0 -12"><span class='ocrx_word' id='word_1_77' title='bbox 337 1233 677 1276; x_wconf 75' lang='lat' dir='ltr'><em>Desiderantur</em></span> <span class='ocrx_word' id='word_1_78' title='bbox 710 1232 793 1274; x_wconf 77' lang='lat' dir='ltr'><em>lzae</em></span> <span class='ocrx_word' id='word_1_79' title='bbox 815 1232 946 1274; x_wconf 78' lang='lat' dir='ltr'><em>binae</em></span> <span class='ocrx_word' id='word_1_80' title='bbox 968 1233 1142 1275; x_wconf 74' lang='lat' dir='ltr'><em>litterae</em></span> <span class='ocrx_word' id='word_1_81' title='bbox 1149 1247 1162 1283; x_wconf 89' lang='lat'><em>;</em></span> <span class='ocrx_word' id='word_1_82' title='bbox 1184 1247 1239 1275; x_wconf 84' lang='lat' dir='ltr'><em>ex</em></span> <span class='ocrx_word' id='word_1_83' title='bbox 1261 1234 1443 1288; x_wconf 73' lang='lat' dir='ltr'><em>epistola</em></span> <span class='ocrx_word' id='word_1_84' title='bbox 1464 1248 1570 1276; x_wconf 86' lang='lat' dir='ltr'><em>vero</em></span> <span class='ocrx_word' id='word_1_85' title='bbox 1592 1234 1784 1276; x_wconf 79' lang='lat' dir='ltr'><em>Polanci</em></span> <span class='ocrx_word' id='word_1_86' title='bbox 1805 1235 1885 1277; x_wconf 82' lang='lat' dir='ltr'><em>sub</em></span> 
     </span>
     <span class='ocr_line' id='line_1_13' title="bbox 249 1304 1889 1360; baseline 0 -12"><span class='ocrx_word' id='word_1_87' title='bbox 249 1320 295 1348; x_wconf 76' lang='lat' dir='ltr'><em>n.</em></span> <span class='ocrx_word' id='word_1_88' title='bbox 324 1315 411 1359; x_wconf 78' lang='lat'><em>254</em></span> <span class='ocrx_word' id='word_1_89' title='bbox 427 1305 576 1359; x_wconf 74' lang='lat' dir='ltr'><em>posita</em></span> <span class='ocrx_word' id='word_1_90' title='bbox 599 1307 770 1346; x_wconf 69' lang='lat' dir='ltr'><em>constat</em></span> <span class='ocrx_word' id='word_1_91' title='bbox 807 1304 961 1345; x_wconf 79' lang='lat' dir='ltr'><em>diebus</em></span> <span class='ocrx_word' id='word_1_92' title='bbox 986 1315 1042 1357; x_wconf 79' lang='lat'><em>14</em></span> <span class='ocrx_word' id='word_1_93' title='bbox 1073 1308 1113 1346; x_wconf 76' lang='lat' dir='ltr'><em>et</em></span> <span class='ocrx_word' id='word_1_94' title='bbox 1147 1306 1202 1346; x_wconf 80' lang='lat'><em>16</em></span> <span class='ocrx_word' id='word_1_95' title='bbox 1240 1305 1483 1347; x_wconf 76' lang='lat' dir='ltr'><em>Februarii</em></span> <span class='ocrx_word' id='word_1_96' title='bbox 1522 1316 1546 1347; x_wconf 90' lang='grc' dir='ltr'><em>Ι</em></span> <span class='ocrx_word' id='word_1_97' title='bbox 1550 1307 1607 1360; x_wconf 84' lang='lat'><em>56</em></span> <span class='ocrx_word' id='word_1_98' title='bbox 1611 1316 1636 1359; x_wconf 74' lang='lat'><em>3</em></span> <span class='ocrx_word' id='word_1_99' title='bbox 1674 1305 1889 1348; x_wconf 76' lang='lat' dir='ltr'><em>Natalem</em></span> 
     </span>
    </p>
   </div>
   <div class='ocr_carea' id='block_1_7' title="bbox 246 1381 1895 1747">
    <p class='ocr_par' dir='ltr' id='par_1_7' title="bbox 246 1381 1895 1747">
     <span class='ocr_line' id='line_1_14' title="bbox 249 1381 1892 1439; baseline 0.001 -14"><span class='ocrx_word' id='word_1_100' title='bbox 249 1383 416 1425; x_wconf 80' lang='lat' dir='ltr'><em>Laim‘o</em></span> <span class='ocrx_word' id='word_1_101' title='bbox 437 1382 687 1436; x_wconf 75' lang='lat' dir='ltr'><em>scripsisse,</em></span> <span class='ocrx_word' id='word_1_102' title='bbox 711 1395 825 1436; x_wconf 75' lang='lat' dir='ltr'><em>quae</em></span> <span class='ocrx_word' id='word_1_103' title='bbox 862 1381 913 1423; x_wconf 78' lang='lat' dir='ltr'><em>in</em></span> <span class='ocrx_word' id='word_1_104' title='bbox 943 1382 1166 1439; x_wconf 73' lang='lat' dir='ltr'><em>praefata</em></span> <span class='ocrx_word' id='word_1_105' title='bbox 1193 1383 1376 1437; x_wconf 76' lang='lat' dir='ltr'><em>epistola</em></span> <span class='ocrx_word' id='word_1_106' title='bbox 1398 1382 1516 1424; x_wconf 81' lang='lat' dir='ltr'><em>Izisce</em></span> <span class='ocrx_word' id='word_1_107' title='bbox 1556 1383 1704 1425; x_wconf 80' lang='lat' dir='ltr'><em>verbis</em></span> <span class='ocrx_word' id='word_1_108' title='bbox 1741 1397 1892 1426; x_wconf 64' lang='lat' dir='ltr'><em>enare-</em></span> 
     </span>
     <span class='ocr_line' id='line_1_15' title="bbox 250 1458 1888 1514; baseline 0.001 -13"><span class='ocrx_word' id='word_1_109' title='bbox 250 1461 442 1502; x_wconf 57' lang='lat' dir='ltr'><em>ssiantar:</em></span> <span class='ocrx_word' id='word_1_110' title='bbox 469 1459 706 1501; x_wconf 78' lang='lat' dir='ltr'><em>«Resciuio&#39;</em></span> <span class='ocrx_word' id='word_1_111' title='bbox 731 1459 791 1501; x_wconf 94' lang='lat' dir='ltr'><em>N.</em></span> <span class='ocrx_word' id='word_1_112' title='bbox 820 1459 878 1500; x_wconf 89' lang='lat' dir='ltr'><em>P.</em></span> <span class='ocrx_word' id='word_1_113' title='bbox 905 1458 1091 1514; x_wconf 70' lang='lat' dir='ltr'><em>despzte&#39;s</em></span> <span class='ocrx_word' id='word_1_114' title='bbox 1115 1473 1197 1514; x_wconf 74' lang='lat' dir='ltr'><em>que</em></span> <span class='ocrx_word' id='word_1_115' title='bbox 1226 1460 1334 1514; x_wconf 77' lang='lat' dir='ltr'><em>aqui</em></span> <span class='ocrx_word' id='word_1_116' title='bbox 1357 1463 1586 1502; x_wconf 74' lang='lat' dir='ltr'><em>tornamos</em></span> <span class='ocrx_word' id='word_1_117' title='bbox 1613 1460 1666 1501; x_wconf 81' lang='lat' dir='ltr'><em>de</em></span> <span class='ocrx_word' id='word_1_118' title='bbox 1694 1460 1888 1503; x_wconf 75' lang='lat' dir='ltr'><em>Mantua</em></span> 
     </span>
     <span class='ocr_line' id='line_1_16' title="bbox 251 1535 1893 1593; baseline 0.002 -16"><span class='ocrx_word' id='word_1_119' title='bbox 251 1538 329 1578; x_wconf 72' lang='lat' dir='ltr'><em>dos</em></span> <span class='ocrx_word' id='word_1_120' title='bbox 365 1537 504 1579; x_wconf 76' lang='lat' dir='ltr'><em>letras</em></span> <span class='ocrx_word' id='word_1_121' title='bbox 526 1537 578 1578; x_wconf 79' lang='lat' dir='ltr'><em>de</em></span> <span class='ocrx_word' id='word_1_122' title='bbox 619 1537 667 1578; x_wconf 88' lang='lat' dir='ltr'><em>V.</em></span> <span class='ocrx_word' id='word_1_123' title='bbox 705 1537 762 1578; x_wconf 82' lang='lat' dir='ltr'><em>R.</em></span> <span class='ocrx_word' id='word_1_124' title='bbox 790 1535 842 1577; x_wconf 83' lang='lat' dir='ltr'><em>de</em></span> <span class='ocrx_word' id='word_1_125' title='bbox 877 1546 932 1588; x_wconf 76' lang='grc'><em>14</em></span> <span class='ocrx_word' id='word_1_126' title='bbox 959 1551 988 1591; x_wconf 71' lang='lat' dir='ltr'><em>y</em></span> <span class='ocrx_word' id='word_1_127' title='bbox 1022 1538 1077 1577; x_wconf 77' lang='lat'><em>16</em></span> <span class='ocrx_word' id='word_1_128' title='bbox 1099 1536 1168 1578; x_wconf 80' lang='lat' dir='ltr'><em>del</em></span> <span class='ocrx_word' id='word_1_129' title='bbox 1192 1540 1456 1591; x_wconf 76' lang='lat' dir='ltr'><em>presente...</em></span> <span class='ocrx_word' id='word_1_130' title='bbox 1493 1537 1806 1593; x_wconf 73' lang='lat' dir='ltr'><em>Holgamonos</em></span> <span class='ocrx_word' id='word_1_131' title='bbox 1836 1537 1893 1580; x_wconf 74' lang='lat' dir='ltr'><em>de</em></span> 
     </span>
     <span class='ocr_line' id='line_1_17' title="bbox 251 1613 1895 1671; baseline 0.001 -15"><span class='ocrx_word' id='word_1_132' title='bbox 251 1615 464 1656; x_wconf 61' lang='lat' dir='ltr'><em>(vzz‘ender</em></span> <span class='ocrx_word' id='word_1_133' title='bbox 482 1614 684 1655; x_wconf 75' lang='lat' dir='ltr'><em>lzabiesse</em></span> <span class='ocrx_word' id='word_1_134' title='bbox 702 1613 881 1670; x_wconf 77' lang='lat' dir='ltr'><em>llegado</em></span> <span class='ocrx_word' id='word_1_135' title='bbox 901 1613 1041 1655; x_wconf 72' lang='lat' dir='ltr'><em>buerzo</em></span> <span class='ocrx_word' id='word_1_136' title='bbox 1067 1615 1115 1656; x_wconf 87' lang='lat' dir='ltr'><em>V.</em></span> <span class='ocrx_word' id='word_1_137' title='bbox 1139 1615 1196 1655; x_wconf 80' lang='lat' dir='ltr'><em>R.</em></span> <span class='ocrx_word' id='word_1_138' title='bbox 1224 1615 1253 1666; x_wconf 76' lang='lat'><em>²,</em></span> <span class='ocrx_word' id='word_1_139' title='bbox 1277 1629 1456 1670; x_wconf 66' lang='lat' dir='ltr'><em>arcuque</em></span> <span class='ocrx_word' id='word_1_140' title='bbox 1474 1629 1557 1671; x_wconf 79' lang='lat' dir='ltr'><em>aya</em></span> <span class='ocrx_word' id='word_1_141' title='bbox 1576 1615 1682 1671; x_wconf 80' lang='lat' dir='ltr'><em>algo</em></span> <span class='ocrx_word' id='word_1_142' title='bbox 1700 1615 1895 1657; x_wconf 78' lang='lat' dir='ltr'><em>tardado</em></span> 
     </span>
     <span class='ocr_line' id='line_1_18' title="bbox 246 1691 1204 1747; baseline 0.001 -14"><span class='ocrx_word' id='word_1_143' title='bbox 246 1696 333 1746; x_wconf 78' lang='lat' dir='ltr'><em>por</em></span> <span class='ocrx_word' id='word_1_144' title='bbox 356 1692 400 1733; x_wconf 86' lang='lat' dir='ltr'><em>la</em></span> <span class='ocrx_word' id='word_1_145' title='bbox 422 1691 587 1733; x_wconf 73' lang='lat' dir='ltr'><em>mucha</em></span> <span class='ocrx_word' id='word_1_146' title='bbox 609 1705 756 1747; x_wconf 83' lang='lat' dir='ltr'><em>carga</em></span> <span class='ocrx_word' id='word_1_147' title='bbox 774 1706 802 1746; x_wconf 73' lang='lat' dir='ltr'><em>y</em></span> <span class='ocrx_word' id='word_1_148' title='bbox 825 1691 967 1734; x_wconf 81' lang='lat' dir='ltr'><em>malos</em></span> <span class='ocrx_word' id='word_1_149' title='bbox 989 1692 1204 1734; x_wconf 72' lang='lat' dir='ltr'><em>caminos.</em></span> 
     </span>
    </p>
   </div>
   <div class='ocr_carea' id='block_1_8' title="bbox 254 1785 516 1790">
    <p class='ocr_par' dir='ltr' id='par_1_8' title="bbox 254 1785 516 1790">
     <span class='ocr_line' id='line_1_19' title="bbox 254 1785 516 1790; baseline 0 0"><span class='ocrx_word' id='word_1_150' title='bbox 254 1785 516 1790; x_wconf 95' lang='lat' dir='ltr'><em> </em></span> 
     </span>
    </p>
   </div>
   <div class='ocr_carea' id='block_1_9' title="bbox 253 1827 1896 2294">
    <p class='ocr_par' dir='ltr' id='par_1_9' title="bbox 327 1827 1176 1874">
     <span class='ocr_line' id='line_1_20' title="bbox 327 1827 1176 1874; baseline 0.001 -12"><span class='ocrx_word' id='word_1_151' title='bbox 327 1831 334 1849; x_wconf 93' lang='lat'><strong>¹</strong></span> <span class='ocrx_word' id='word_1_152' title='bbox 387 1829 445 1862; x_wconf 84' lang='lat' dir='ltr'><em>Ex</em></span> <span class='ocrx_word' id='word_1_153' title='bbox 465 1829 651 1873; x_wconf 73' lang='lat' dir='ltr'><em>Regesto,</em></span> <span class='ocrx_word' id='word_1_154' title='bbox 677 1827 774 1862; x_wconf 74' lang='lat' dir='ltr'><em>Coa.</em></span> <span class='ocrx_word' id='word_1_155' title='bbox 803 1837 845 1872; x_wconf 77' lang='lat'><em>33</em></span> <span class='ocrx_word' id='word_1_156' title='bbox 865 1827 918 1874; x_wconf 88' lang='lat' dir='ltr'><em>c),</em></span> <span class='ocrx_word' id='word_1_157' title='bbox 940 1828 979 1863; x_wconf 86' lang='lat' dir='ltr'><em>ff.</em></span> <span class='ocrx_word' id='word_1_158' title='bbox 1000 1827 1176 1863; x_wconf 86' lang='lat'><em>201-203.</em></span> 
     </span>
    </p>

    <p class='ocr_par' dir='ltr' id='par_1_10' title="bbox 253 1887 1896 2294">
     <span class='ocr_line' id='line_1_21' title="bbox 323 1887 1895 1936; baseline 0.002 -15"><span class='ocrx_word' id='word_1_159' title='bbox 323 1889 338 1909; x_wconf 86' lang='lat'><em>‘-‘</em></span> <span class='ocrx_word' id='word_1_160' title='bbox 388 1888 447 1922; x_wconf 92' lang='lat' dir='ltr'><em>De</em></span> <span class='ocrx_word' id='word_1_161' title='bbox 464 1887 603 1922; x_wconf 84' lang='lat' dir='ltr'><em>itinere</em></span> <span class='ocrx_word' id='word_1_162' title='bbox 621 1887 745 1922; x_wconf 85' lang='lat' dir='ltr'><em>Patris</em></span> <span class='ocrx_word' id='word_1_163' title='bbox 762 1887 882 1923; x_wconf 82' lang='lat' dir='ltr'><em>Nadal</em></span> <span class='ocrx_word' id='word_1_164' title='bbox 899 1893 939 1923; x_wconf 91' lang='lat' dir='ltr'><em>et</em></span> <span class='ocrx_word' id='word_1_165' title='bbox 957 1887 1005 1922; x_wconf 92' lang='lat' dir='ltr'><em>de</em></span> <span class='ocrx_word' id='word_1_166' title='bbox 1024 1887 1166 1933; x_wconf 79' lang='lat' dir='ltr'><em>causis,</em></span> <span class='ocrx_word' id='word_1_167' title='bbox 1186 1900 1254 1923; x_wconf 90' lang='lat' dir='ltr'><em>cur</em></span> <span class='ocrx_word' id='word_1_168' title='bbox 1269 1887 1532 1935; x_wconf 90' lang='lat' dir='ltr'><em>Oenipontem</em></span> <span class='ocrx_word' id='word_1_169' title='bbox 1546 1889 1620 1924; x_wconf 88' lang='lat' dir='ltr'><em>hoc</em></span> <span class='ocrx_word' id='word_1_170' title='bbox 1638 1894 1813 1936; x_wconf 90' lang='lat' dir='ltr'><em>tempore</em></span> <span class='ocrx_word' id='word_1_171' title='bbox 1832 1901 1895 1924; x_wconf 88' lang='lat' dir='ltr'><em>ac—</em></span> 
     </span>
     <span class='ocr_line' id='line_1_22' title="bbox 253 1945 1892 1992; baseline 0.002 -12"><span class='ocrx_word' id='word_1_172' title='bbox 253 1946 387 1991; x_wconf 82' lang='lat' dir='ltr'><em>cessit,</em></span> <span class='ocrx_word' id='word_1_173' title='bbox 406 1947 516 1990; x_wconf 69' lang='lat' dir='ltr'><em>haee,</em></span> <span class='ocrx_word' id='word_1_174' title='bbox 536 1945 598 1981; x_wconf 92' lang='lat' dir='ltr'><em>die</em></span> <span class='ocrx_word' id='word_1_175' title='bbox 618 1957 640 1991; x_wconf 89' lang='lat'>9</span> <span class='ocrx_word' id='word_1_176' title='bbox 658 1947 859 1981; x_wconf 83' lang='lat' dir='ltr'><em>Februarii</em></span> <span class='ocrx_word' id='word_1_177' title='bbox 881 1946 984 1992; x_wconf 80' lang='lat'>1563,</span> <span class='ocrx_word' id='word_1_178' title='bbox 1011 1948 1214 1991; x_wconf 83' lang='lat' dir='ltr'><em>Polancus.</em></span> <span class='ocrx_word' id='word_1_179' title='bbox 1247 1947 1402 1983; x_wconf 87' lang='lat' dir='ltr'><em>nomine</em></span> <span class='ocrx_word' id='word_1_180' title='bbox 1422 1948 1547 1984; x_wconf 88' lang='lat' dir='ltr'><em>Patris</em></span> <span class='ocrx_word' id='word_1_181' title='bbox 1567 1949 1724 1992; x_wconf 88' lang='lat' dir='ltr'><em>Lainez,</em></span> <span class='ocrx_word' id='word_1_182' title='bbox 1751 1949 1892 1985; x_wconf 79' lang='lat' dir='ltr'><em>rectori</em></span> 
     </span>
     <span class='ocr_line' id='line_1_23' title="bbox 254 2005 1894 2052; baseline 0.002 -12"><span class='ocrx_word' id='word_1_183' title='bbox 254 2005 410 2052; x_wconf 86' lang='lat' dir='ltr'><em>collegii</em></span> <span class='ocrx_word' id='word_1_184' title='bbox 435 2006 684 2052; x_wconf 87' lang='lat' dir='ltr'><em>oenipontani</em></span> <span class='ocrx_word' id='word_1_185' title='bbox 711 2005 920 2042; x_wconf 81' lang='lat' dir='ltr'><em>scribebat:</em></span> <span class='ocrx_word' id='word_1_186' title='bbox 943 2007 1241 2042; x_wconf 80' lang='lat' dir='ltr'><em>«Gratissimum</em></span> <span class='ocrx_word' id='word_1_187' title='bbox 1268 2008 1315 2042; x_wconf 83' lang='lat' dir='ltr'><em>P.</em></span> <span class='ocrx_word' id='word_1_188' title='bbox 1341 2008 1389 2042; x_wconf 93' lang='lat' dir='ltr'><em>N.</em></span> <span class='ocrx_word' id='word_1_189' title='bbox 1410 2020 1454 2043; x_wconf 87' lang='lat' dir='ltr'><em>ac</em></span> <span class='ocrx_word' id='word_1_190' title='bbox 1479 2008 1658 2044; x_wconf 88' lang='lat' dir='ltr'><em>omnibus</em></span> <span class='ocrx_word' id='word_1_191' title='bbox 1683 2009 1794 2044; x_wconf 90' lang='lat' dir='ltr'><em>nobis</em></span> <span class='ocrx_word' id='word_1_192' title='bbox 1818 2008 1894 2044; x_wconf 84' lang='lat' dir='ltr'><em>fuit</em></span> 
     </span>
     <span class='ocr_line' id='line_1_24' title="bbox 255 2065 1895 2114; baseline 0.002 -13"><span class='ocrx_word' id='word_1_193' title='bbox 255 2065 500 2101; x_wconf 74' lang='lat' dir='ltr'><em>intellexisse</em></span> <span class='ocrx_word' id='word_1_194' title='bbox 515 2070 658 2112; x_wconf 75' lang='lat' dir='ltr'><em>quanta</em></span> <span class='ocrx_word' id='word_1_195' title='bbox 673 2077 761 2100; x_wconf 90' lang='lat' dir='ltr'><em>cum</em></span> <span class='ocrx_word' id='word_1_196' title='bbox 776 2066 1019 2111; x_wconf 79' lang='lat' dir='ltr'><em>benignitate</em></span> <span class='ocrx_word' id='word_1_197' title='bbox 1037 2066 1228 2102; x_wconf 87' lang='lat' dir='ltr'><em>Caesarea</em></span> <span class='ocrx_word' id='word_1_198' title='bbox 1244 2067 1426 2102; x_wconf 85' lang='lat' dir='ltr'><em>Maiestas</em></span> <span class='ocrx_word' id='word_1_199' title='bbox 1441 2073 1479 2102; x_wconf 91' lang='lat' dir='ltr'><em>et</em></span> <span class='ocrx_word' id='word_1_200' title='bbox 1494 2068 1672 2103; x_wconf 83' lang='lat' dir='ltr'><em>inuiserit</em></span> <span class='ocrx_word' id='word_1_201' title='bbox 1685 2069 1895 2114; x_wconf 83' lang='lat' dir='ltr'><em>collegium</em></span> 
     </span>
     <span class='ocr_line' id='line_1_25' title="bbox 254 2125 1893 2173; baseline 0.002 -13"><span class='ocrx_word' id='word_1_202' title='bbox 254 2137 367 2161; x_wconf 89' lang='lat' dir='ltr'><em>suum</em></span> <span class='ocrx_word' id='word_1_203' title='bbox 388 2125 706 2171; x_wconf 85' lang='lat' dir='ltr'><em>oenipontanum,</em></span> <span class='ocrx_word' id='word_1_204' title='bbox 734 2130 773 2159; x_wconf 92' lang='lat' dir='ltr'><em>et</em></span> <span class='ocrx_word' id='word_1_205' title='bbox 798 2137 867 2160; x_wconf 92' lang='lat' dir='ltr'><em>uos</em></span> <span class='ocrx_word' id='word_1_206' title='bbox 894 2125 942 2160; x_wconf 87' lang='lat' dir='ltr'><em>ad</em></span> <span class='ocrx_word' id='word_1_207' title='bbox 966 2126 1202 2173; x_wconf 82' lang='lat' dir='ltr'><em>colloquium</em></span> <span class='ocrx_word' id='word_1_208' title='bbox 1230 2126 1431 2162; x_wconf 86' lang='lat' dir='ltr'><em>admiserit</em></span> <span class='ocrx_word' id='word_1_209' title='bbox 1458 2127 1562 2163; x_wconf 92' lang='lat' dir='ltr'><em>domi</em></span> <span class='ocrx_word' id='word_1_210' title='bbox 1589 2140 1698 2171; x_wconf 66' lang='lat' dir='ltr'><em>suae,</em></span> <span class='ocrx_word' id='word_1_211' title='bbox 1725 2133 1765 2162; x_wconf 87' lang='lat' dir='ltr'><em>et</em></span> <span class='ocrx_word' id='word_1_212' title='bbox 1790 2128 1893 2163; x_wconf 89' lang='lat' dir='ltr'><em>viam</em></span> 
     </span>
     <span class='ocr_line' id='line_1_26' title="bbox 257 2184 1887 2234; baseline 0.002 -14"><span class='ocrx_word' id='word_1_213' title='bbox 257 2184 374 2220; x_wconf 76' lang='lat' dir='ltr'><em>etiarn</em></span> <span class='ocrx_word' id='word_1_214' title='bbox 400 2185 689 2231; x_wconf 76' lang='lat' dir='ltr'><em>praeparauerit</em></span> <span class='ocrx_word' id='word_1_215' title='bbox 714 2190 756 2219; x_wconf 90' lang='lat' dir='ltr'><em>ut</em></span> <span class='ocrx_word' id='word_1_216' title='bbox 787 2185 954 2220; x_wconf 87' lang='lat' dir='ltr'><em>eundem</em></span> <span class='ocrx_word' id='word_1_217' title='bbox 973 2186 1140 2231; x_wconf 88' lang='lat' dir='ltr'><em>possetis</em></span> <span class='ocrx_word' id='word_1_218' title='bbox 1159 2186 1281 2221; x_wconf 84' lang='lat' dir='ltr'><em>libere</em></span> <span class='ocrx_word' id='word_1_219' title='bbox 1299 2186 1524 2231; x_wconf 77' lang='lat' dir='ltr'><em>conuenire,</em></span> <span class='ocrx_word' id='word_1_220' title='bbox 1543 2199 1630 2222; x_wconf 86' lang='lat' dir='ltr'><em>curn</em></span> <span class='ocrx_word' id='word_1_221' title='bbox 1651 2199 1747 2234; x_wconf 87' lang='lat' dir='ltr'><em>opus</em></span> <span class='ocrx_word' id='word_1_222' title='bbox 1766 2194 1887 2223; x_wconf 89' lang='lat' dir='ltr'><em>esset.</em></span> 
     </span>
     <span class='ocr_line' id='line_1_27' title="bbox 257 2243 1896 2294; baseline 0.003 -16"><span class='ocrx_word' id='word_1_223' title='bbox 257 2244 380 2290; x_wconf 87' lang='lat' dir='ltr'><em>Spero</em></span> <span class='ocrx_word' id='word_1_224' title='bbox 395 2243 498 2291; x_wconf 90' lang='lat' dir='ltr'><em>quod</em></span> <span class='ocrx_word' id='word_1_225' title='bbox 518 2245 592 2279; x_wconf 89' lang='lat' dir='ltr'><em>iam</em></span> <span class='ocrx_word' id='word_1_226' title='bbox 611 2244 736 2279; x_wconf 87' lang='lat' dir='ltr'><em>aderit</em></span> <span class='ocrx_word' id='word_1_227' title='bbox 755 2245 866 2279; x_wconf 90' lang='lat' dir='ltr'><em>uobis</em></span> <span class='ocrx_word' id='word_1_228' title='bbox 886 2245 1001 2279; x_wconf 87' lang='lat' dir='ltr'><em>Pater</em></span> <span class='ocrx_word' id='word_1_229' title='bbox 1015 2245 1262 2291; x_wconf 88' lang='lat' dir='ltr'><em>prouincialis</em></span> <span class='ocrx_word' id='word_1_230' title='bbox 1281 2245 1592 2293; x_wconf 86' lang='lat' dir='ltr'><em>quandoquidem</em></span> <span class='ocrx_word' id='word_1_231' title='bbox 1612 2249 1896 2294; x_wconf 80' lang='lat' dir='ltr'><em>expectabatur</em></span> 
     </span>
    </p>
   </div>
   <div class='ocr_carea' id='block_1_10' title="bbox 256 2303 1958 2471">
    <p class='ocr_par' dir='ltr' id='par_1_11' title="bbox 256 2303 1958 2471">
     <span class='ocr_line' id='line_1_28' title="bbox 257 2303 1958 2363; baseline 0.002 -25"><span class='ocrx_word' id='word_1_232' title='bbox 257 2316 277 2338; x_wconf 87' lang='lat' dir='ltr'><em>a</em></span> <span class='ocrx_word' id='word_1_233' title='bbox 303 2303 496 2339; x_wconf 86' lang='lat' dir='ltr'><em>Caesarea</em></span> <span class='ocrx_word' id='word_1_234' title='bbox 527 2304 733 2339; x_wconf 87' lang='lat' dir='ltr'><em>Maiestate</em></span> <span class='ocrx_word' id='word_1_235' title='bbox 765 2303 805 2338; x_wconf 91' lang='lat' dir='ltr'><em>in</em></span> <span class='ocrx_word' id='word_1_236' title='bbox 829 2303 927 2339; x_wconf 85' lang='lat' dir='ltr'><em>dies.</em></span> <span class='ocrx_word' id='word_1_237' title='bbox 955 2304 1041 2339; x_wconf 91' lang='lat' dir='ltr'><em>Non</em></span> <span class='ocrx_word' id='word_1_238' title='bbox 1066 2304 1202 2340; x_wconf 88' lang='lat' dir='ltr'><em>dubito</em></span> <span class='ocrx_word' id='word_1_239' title='bbox 1227 2305 1343 2340; x_wconf 86' lang='lat' dir='ltr'><em>etiam</em></span> <span class='ocrx_word' id='word_1_240' title='bbox 1375 2305 1467 2352; x_wconf 88' lang='lat' dir='ltr'><em>quin</em></span> <span class='ocrx_word' id='word_1_241' title='bbox 1498 2306 1545 2341; x_wconf 90' lang='lat' dir='ltr'><em>R.</em></span> <span class='ocrx_word' id='word_1_242' title='bbox 1572 2307 1622 2341; x_wconf 92' lang='lat' dir='ltr'><em>V.</em></span> <span class='ocrx_word' id='word_1_243' title='bbox 1654 2306 1702 2341; x_wconf 90' lang='lat' dir='ltr'><em>ad</em></span> <span class='ocrx_word' id='word_1_244' title='bbox 1726 2306 1894 2342; x_wconf 87' lang='lat' dir='ltr'><em>eundem·</em></span> <span class='ocrx_word' id='word_1_245' title='bbox 1957 2318 1958 2363; x_wconf 23' lang='grc' dir='ltr'>ζ</span> 
     </span>
     <span class='ocr_line' id='line_1_29' title="bbox 256 2362 1924 2412; baseline 0.002 -14"><span class='ocrx_word' id='word_1_246' title='bbox 256 2362 500 2409; x_wconf 82' lang='lat' dir='ltr'><em>scripserit...</em></span> <span class='ocrx_word' id='word_1_247' title='bbox 523 2369 562 2398; x_wconf 89' lang='lat' dir='ltr'><em>et</em></span> <span class='ocrx_word' id='word_1_248' title='bbox 582 2364 625 2398; x_wconf 85' lang='lat' dir='ltr'><em>P.</em></span> <span class='ocrx_word' id='word_1_249' title='bbox 653 2362 802 2398; x_wconf 87' lang='lat' dir='ltr'><em>Natalis</em></span> <span class='ocrx_word' id='word_1_250' title='bbox 827 2363 891 2398; x_wconf 89' lang='lat' dir='ltr'><em>die</em></span> <span class='ocrx_word' id='word_1_251' title='bbox 919 2364 1102 2409; x_wconf 81' lang='lat' dir='ltr'><em>crastina,</em></span> <span class='ocrx_word' id='word_1_252' title='bbox 1119 2365 1203 2399; x_wconf 91' lang='lat' dir='ltr'><em>Deo</em></span> <span class='ocrx_word' id='word_1_253' title='bbox 1223 2364 1395 2411; x_wconf 80' lang='lat' dir='ltr'><em>fauente,</em></span> <span class='ocrx_word' id='word_1_254' title='bbox 1412 2364 1673 2412; x_wconf 88' lang='lat' dir='ltr'><em>Oenipontem</em></span> <span class='ocrx_word' id='word_1_255' title='bbox 1694 2372 1753 2401; x_wconf 88' lang='lat' dir='ltr'><em>est</em></span> <span class='ocrx_word' id='word_1_256' title='bbox 1772 2366 1880 2412; x_wconf 84' lang='lat' dir='ltr'><em>profe</em></span> <span class='ocrx_word' id='word_1_257' title='bbox 1920 2399 1924 2402; x_wconf 83' lang='lat'><em>.</em></span> 
     </span>
     <span class='ocr_line' id='line_1_30' title="bbox 256 2422 1958 2471; baseline 0.002 -14"><span class='ocrx_word' id='word_1_258' title='bbox 256 2427 406 2467; x_wconf 61' lang='lat' dir='ltr'><em>murus,</em></span> <span class='ocrx_word' id='word_1_259' title='bbox 422 2427 465 2457; x_wconf 93' lang='lat' dir='ltr'><em>ut</em></span> <span class='ocrx_word' id='word_1_260' title='bbox 480 2423 594 2457; x_wconf 89' lang='lat' dir='ltr'><em>simul</em></span> <span class='ocrx_word' id='word_1_261' title='bbox 611 2433 699 2457; x_wconf 92' lang='lat' dir='ltr'><em>cum</em></span> <span class='ocrx_word' id='word_1_262' title='bbox 717 2422 852 2457; x_wconf 89' lang='lat' dir='ltr'><em>eodem</em></span> <span class='ocrx_word' id='word_1_263' title='bbox 869 2423 913 2458; x_wconf 90' lang='lat' dir='ltr'><em>P.</em></span> <span class='ocrx_word' id='word_1_264' title='bbox 929 2422 1086 2459; x_wconf 87' lang='lat' dir='ltr'><em>Canisio</em></span> <span class='ocrx_word' id='word_1_265' title='bbox 1104 2428 1143 2458; x_wconf 90' lang='lat' dir='ltr'><em>et</em></span> <span class='ocrx_word' id='word_1_266' title='bbox 1161 2424 1274 2458; x_wconf 91' lang='lat' dir='ltr'><em>nobis</em></span> <span class='ocrx_word' id='word_1_267' title='bbox 1293 2435 1409 2469; x_wconf 82' lang='lat' dir='ltr'><em>agere</em></span> <span class='ocrx_word' id='word_1_268' title='bbox 1425 2425 1547 2471; x_wconf 89' lang='lat' dir='ltr'><em>possit</em></span> <span class='ocrx_word' id='word_1_269' title='bbox 1564 2425 1613 2460; x_wconf 92' lang='lat' dir='ltr'><em>de</em></span> <span class='ocrx_word' id='word_1_270' title='bbox 1632 2427 1748 2461; x_wconf 90' lang='lat' dir='ltr'><em>rebus</em></span> <span class='ocrx_word' id='word_1_271' title='bbox 1766 2425 1813 2461; x_wconf 89' lang='lat' dir='ltr'><em>ad</em></span> <span class='ocrx_word' id='word_1_272' title='bbox 1828 2425 1898 2461; x_wconf 89' lang='lat' dir='ltr'><em>So·</em></span> <span class='ocrx_word' id='word_1_273' title='bbox 1957 2432 1958 2444; x_wconf 67' lang='lat'>¹</span> 
     </span>
    </p>
   </div>
   <div class='ocr_carea' id='block_1_11' title="bbox 255 2482 1958 3068">
    <p class='ocr_par' dir='ltr' id='par_1_12' title="bbox 255 2482 1958 2646">
     <span class='ocr_line' id='line_1_31' title="bbox 255 2482 1958 2533; baseline 0.001 -16"><span class='ocrx_word' id='word_1_274' title='bbox 255 2482 439 2518; x_wconf 84' lang='lat' dir='ltr'><em>cietatem</em></span> <span class='ocrx_word' id='word_1_275' title='bbox 460 2488 631 2518; x_wconf 87' lang='lat' dir='ltr'><em>nostram</em></span> <span class='ocrx_word' id='word_1_276' title='bbox 651 2483 939 2529; x_wconf 88' lang='lat' dir='ltr'><em>pertinentibus</em></span> <span class='ocrx_word' id='word_1_277' title='bbox 959 2488 998 2518; x_wconf 87' lang='lat' dir='ltr'><em>et</em></span> <span class='ocrx_word' id='word_1_278' title='bbox 1016 2483 1064 2518; x_wconf 91' lang='lat' dir='ltr'><em>de</em></span> <span class='ocrx_word' id='word_1_279' title='bbox 1083 2483 1168 2519; x_wconf 87' lang='lat' dir='ltr'><em>aliis</em></span> <span class='ocrx_word' id='word_1_280' title='bbox 1188 2485 1319 2529; x_wconf 86' lang='lat' dir='ltr'><em>etiam,</em></span> <span class='ocrx_word' id='word_1_281' title='bbox 1340 2484 1372 2519; x_wconf 91' lang='lat' dir='ltr'><em>si</em></span> <span class='ocrx_word' id='word_1_282' title='bbox 1397 2495 1493 2531; x_wconf 90' lang='lat' dir='ltr'><em>opus</em></span> <span class='ocrx_word' id='word_1_283' title='bbox 1516 2484 1647 2520; x_wconf 87' lang='lat' dir='ltr'><em>fuerit.</em></span> <span class='ocrx_word' id='word_1_284' title='bbox 1673 2486 1808 2533; x_wconf 87' lang='lat' dir='ltr'><em>Itaque</em></span> <span class='ocrx_word' id='word_1_285' title='bbox 1832 2485 1898 2521; x_wconf 90' lang='lat' dir='ltr'><em>die</em></span> <span class='ocrx_word' id='word_1_286' title='bbox 1957 2502 1958 2519; x_wconf 67' lang='lat'>2</span> 
     </span>
     <span class='ocr_line' id='line_1_32' title="bbox 258 2542 1894 2592; baseline 0.004 -16"><span class='ocrx_word' id='word_1_287' title='bbox 258 2542 382 2577; x_wconf 89' lang='lat' dir='ltr'><em>sabati</em></span> <span class='ocrx_word' id='word_1_288' title='bbox 413 2542 513 2588; x_wconf 81' lang='lat' dir='ltr'><em>[sic]‚</em></span> <span class='ocrx_word' id='word_1_289' title='bbox 540 2548 582 2578; x_wconf 91' lang='lat' dir='ltr'><em>ut</em></span> <span class='ocrx_word' id='word_1_290' title='bbox 613 2554 727 2590; x_wconf 88' lang='lat' dir='ltr'><em>spero</em></span> <span class='ocrx_word' id='word_1_291' title='bbox 758 2542 1024 2589; x_wconf 88' lang='lat' dir='ltr'><em>Oenipontum</em></span> <span class='ocrx_word' id='word_1_292' title='bbox 1054 2544 1328 2590; x_wconf 81' lang='lat' dir='ltr'><em>perueniet...»</em></span> <span class='ocrx_word' id='word_1_293' title='bbox 1359 2546 1418 2579; x_wconf 84' lang='lat' dir='ltr'><em>Ex</em></span> <span class='ocrx_word' id='word_1_294' title='bbox 1447 2545 1635 2591; x_wconf 86' lang='lat' dir='ltr'><em>Regesto,</em></span> <span class='ocrx_word' id='word_1_295' title='bbox 1658 2545 1756 2581; x_wconf 83' lang='lat' dir='ltr'><em>Cod.</em></span> <span class='ocrx_word' id='word_1_296' title='bbox 1783 2556 1826 2592; x_wconf 79' lang='lat'><em>33</em></span> <span class='ocrx_word' id='word_1_297' title='bbox 1844 2546 1894 2592; x_wconf 87' lang='lat' dir='ltr'><em>c),</em></span> 
     </span>
     <span class='ocr_line' id='line_1_33' title="bbox 261 2601 441 2646; baseline 0.006 -10"><span class='ocrx_word' id='word_1_298' title='bbox 261 2601 331 2637; x_wconf 86' lang='lat' dir='ltr'><em>fol.</em></span> <span class='ocrx_word' id='word_1_299' title='bbox 361 2602 441 2646; x_wconf 84' lang='lat'><em>189.</em></span> 
     </span>
    </p>

    <p class='ocr_par' dir='ltr' id='par_1_13' title="bbox 258 2661 1902 3068">
     <span class='ocr_line' id='line_1_34' title="bbox 331 2661 1893 2710; baseline 0.003 -14"><span class='ocrx_word' id='word_1_300' title='bbox 331 2662 375 2696; x_wconf 90' lang='lat' dir='ltr'><em>In</em></span> <span class='ocrx_word' id='word_1_301' title='bbox 401 2661 539 2697; x_wconf 88' lang='lat' dir='ltr'><em>eodem</em></span> <span class='ocrx_word' id='word_1_302' title='bbox 566 2661 659 2697; x_wconf 82' lang='lat' dir='ltr'><em>folio</em></span> <span class='ocrx_word' id='word_1_303' title='bbox 685 2662 878 2709; x_wconf 87' lang='lat' dir='ltr'><em>reperitur</em></span> <span class='ocrx_word' id='word_1_304' title='bbox 903 2664 1166 2710; x_wconf 83' lang='lat' dir='ltr'><em>apographum</em></span> <span class='ocrx_word' id='word_1_305' title='bbox 1191 2664 1378 2710; x_wconf 87' lang='lat' dir='ltr'><em>epistolae</em></span> <span class='ocrx_word' id='word_1_306' title='bbox 1406 2664 1542 2699; x_wconf 88' lang='lat' dir='ltr'><em>eodem</em></span> <span class='ocrx_word' id='word_1_307' title='bbox 1569 2663 1632 2699; x_wconf 85' lang='lat' dir='ltr'><em>die</em></span> <span class='ocrx_word' id='word_1_308' title='bbox 1656 2675 1678 2709; x_wconf 88' lang='lat'>9</span> <span class='ocrx_word' id='word_1_309' title='bbox 1708 2665 1821 2700; x_wconf 88' lang='lat' dir='ltr'><em>datae</em></span> <span class='ocrx_word' id='word_1_310' title='bbox 1845 2664 1893 2700; x_wconf 89' lang='lat' dir='ltr'><em>ad</em></span> 
     </span>
     <span class='ocr_line' id='line_1_35' title="bbox 259 2719 1901 2769; baseline 0.002 -14"><span class='ocrx_word' id='word_1_311' title='bbox 259 2719 308 2755; x_wconf 75' lang='lat' dir='ltr'><em>P.</em></span> <span class='ocrx_word' id='word_1_312' title='bbox 332 2720 533 2757; x_wconf 89' lang='lat' dir='ltr'><em>Canisium</em></span> <span class='ocrx_word' id='word_1_313' title='bbox 568 2721 608 2756; x_wconf 89' lang='lat' dir='ltr'><em>in</em></span> <span class='ocrx_word' id='word_1_314' title='bbox 627 2733 702 2768; x_wconf 86' lang='lat' dir='ltr'><em>qua</em></span> <span class='ocrx_word' id='word_1_315' title='bbox 720 2721 768 2757; x_wconf 90' lang='lat' dir='ltr'><em>de</em></span> <span class='ocrx_word' id='word_1_316' title='bbox 788 2721 918 2757; x_wconf 89' lang='lat' dir='ltr'><em>Natali</em></span> <span class='ocrx_word' id='word_1_317' title='bbox 937 2727 976 2757; x_wconf 89' lang='lat' dir='ltr'><em>et</em></span> <span class='ocrx_word' id='word_1_318' title='bbox 994 2722 1077 2769; x_wconf 90' lang='lat' dir='ltr'><em>ipso</em></span> <span class='ocrx_word' id='word_1_319' title='bbox 1101 2723 1259 2758; x_wconf 90' lang='lat' dir='ltr'><em>Canisio</em></span> <span class='ocrx_word' id='word_1_320' title='bbox 1286 2723 1389 2759; x_wconf 90' lang='lat' dir='ltr'><em>illius</em></span> <span class='ocrx_word' id='word_1_321' title='bbox 1415 2723 1626 2758; x_wconf 85' lang='lat' dir='ltr'><em>adventum</em></span> <span class='ocrx_word' id='word_1_322' title='bbox 1650 2723 1901 2760; x_wconf 83' lang='lat' dir='ltr'><em>desiderante-</em></span> 
     </span>
     <span class='ocr_line' id='line_1_36' title="bbox 260 2781 1902 2830; baseline 0.003 -16"><span class='ocrx_word' id='word_1_323' title='bbox 260 2781 356 2815; x_wconf 74' lang='lat' dir='ltr'><em>haee</em></span> <span class='ocrx_word' id='word_1_324' title='bbox 374 2781 578 2816; x_wconf 86' lang='lat' dir='ltr'><em>habentur:</em></span> <span class='ocrx_word' id='word_1_325' title='bbox 602 2781 679 2816; x_wconf 89' lang='lat' dir='ltr'><em>«La</em></span> <span class='ocrx_word' id='word_1_326' title='bbox 698 2781 863 2828; x_wconf 88' lang='lat' dir='ltr'><em>risposta</em></span> <span class='ocrx_word' id='word_1_327' title='bbox 881 2781 983 2817; x_wconf 92' lang='lat' dir='ltr'><em>delle</em></span> <span class='ocrx_word' id='word_1_328' title='bbox 1003 2781 1138 2817; x_wconf 88' lang='lat' dir='ltr'><em>ultime</em></span> <span class='ocrx_word' id='word_1_329' title='bbox 1156 2782 1195 2817; x_wconf 90' lang='lat' dir='ltr'><em>di</em></span> <span class='ocrx_word' id='word_1_330' title='bbox 1214 2783 1261 2817; x_wconf 87' lang='lat' dir='ltr'><em>V.</em></span> <span class='ocrx_word' id='word_1_331' title='bbox 1282 2783 1345 2827; x_wconf 89' lang='lat' dir='ltr'><em>R.‚</em></span> <span class='ocrx_word' id='word_1_332' title='bbox 1365 2784 1436 2818; x_wconf 88' lang='lat' dir='ltr'><em>che</em></span> <span class='ocrx_word' id='word_1_333' title='bbox 1455 2793 1549 2818; x_wconf 89' lang='lat' dir='ltr'><em>sono</em></span> <span class='ocrx_word' id='word_1_334' title='bbox 1567 2783 1605 2818; x_wconf 92' lang='lat' dir='ltr'><em>di</em></span> <span class='ocrx_word' id='word_1_335' title='bbox 1623 2782 1669 2818; x_wconf 85' lang='lat'><em>30</em></span> <span class='ocrx_word' id='word_1_336' title='bbox 1687 2783 1748 2819; x_wconf 89' lang='lat' dir='ltr'><em>del</em></span> <span class='ocrx_word' id='word_1_337' title='bbox 1768 2795 1902 2830; x_wconf 73' lang='lat' dir='ltr'><em>passa-</em></span> 
     </span>
     <span class='ocr_line' id='line_1_37' title="bbox 259 2838 1897 2889; baseline 0.002 -15"><span class='ocrx_word' id='word_1_338' title='bbox 259 2846 314 2881; x_wconf 69' lang='lat' dir='ltr'><em>m,</em></span> <span class='ocrx_word' id='word_1_339' title='bbox 334 2838 366 2874; x_wconf 90' lang='lat' dir='ltr'><em>si</em></span> <span class='ocrx_word' id='word_1_340' title='bbox 386 2840 525 2875; x_wconf 80' lang='lat' dir='ltr'><em>manda</em></span> <span class='ocrx_word' id='word_1_341' title='bbox 545 2840 583 2875; x_wconf 91' lang='lat' dir='ltr'><em>in</em></span> <span class='ocrx_word' id='word_1_342' title='bbox 603 2840 817 2887; x_wconf 87' lang='lat' dir='ltr'><em>Hispruch,</em></span> <span class='ocrx_word' id='word_1_343' title='bbox 836 2842 977 2888; x_wconf 77' lang='lat' dir='ltr'><em>perche</em></span> <span class='ocrx_word' id='word_1_344' title='bbox 997 2841 1166 2877; x_wconf 88' lang='lat' dir='ltr'><em>secondo</em></span> <span class='ocrx_word' id='word_1_345' title='bbox 1186 2844 1221 2877; x_wconf 93' lang='lat' dir='ltr'><em>le</em></span> <span class='ocrx_word' id='word_1_346' title='bbox 1240 2843 1368 2889; x_wconf 84' lang='lat' dir='ltr'><em>parole</em></span> <span class='ocrx_word' id='word_1_347' title='bbox 1395 2843 1467 2877; x_wconf 92' lang='lat' dir='ltr'><em>che</em></span> <span class='ocrx_word' id='word_1_348' title='bbox 1491 2843 1527 2877; x_wconf 88' lang='lat' dir='ltr'><em>la</em></span> <span class='ocrx_word' id='word_1_349' title='bbox 1551 2843 1644 2877; x_wconf 54' lang='lat' dir='ltr'><em>Msa</em></span> <span class='ocrx_word' id='word_1_350' title='bbox 1662 2843 1829 2879; x_wconf 89' lang='lat' dir='ltr'><em>Cesarea</em></span> <span class='ocrx_word' id='word_1_351' title='bbox 1845 2843 1897 2878; x_wconf 81' lang='lat' dir='ltr'><em>ha</em></span> 
     </span>
     <span class='ocr_line' id='line_1_38' title="bbox 261 2898 1894 2948; baseline 0.003 -16"><span class='ocrx_word' id='word_1_352' title='bbox 261 2898 369 2933; x_wconf 87' lang='lat' dir='ltr'><em>detto</em></span> <span class='ocrx_word' id='word_1_353' title='bbox 388 2900 421 2933; x_wconf 89' lang='lat' dir='ltr'><em>al</em></span> <span class='ocrx_word' id='word_1_354' title='bbox 442 2904 563 2934; x_wconf 91' lang='lat' dir='ltr'><em>rettor</em></span> <span class='ocrx_word' id='word_1_355' title='bbox 582 2905 714 2935; x_wconf 90' lang='lat' dir='ltr'><em>nostro</em></span> <span class='ocrx_word' id='word_1_356' title='bbox 736 2900 799 2936; x_wconf 90' lang='lat' dir='ltr'><em>del</em></span> <span class='ocrx_word' id='word_1_357' title='bbox 818 2901 985 2946; x_wconf 88' lang='lat' dir='ltr'><em>collegio</em></span> <span class='ocrx_word' id='word_1_358' title='bbox 1003 2901 1051 2935; x_wconf 91' lang='lat' dir='ltr'><em>de</em></span> <span class='ocrx_word' id='word_1_359' title='bbox 1072 2901 1282 2948; x_wconf 83' lang='lat' dir='ltr'><em>Hispruch,</em></span> <span class='ocrx_word' id='word_1_360' title='bbox 1302 2903 1336 2936; x_wconf 92' lang='lat' dir='ltr'><em>la</em></span> <span class='ocrx_word' id='word_1_361' title='bbox 1350 2902 1396 2936; x_wconf 90' lang='lat' dir='ltr'><em>R.</em></span> <span class='ocrx_word' id='word_1_362' title='bbox 1413 2902 1461 2936; x_wconf 88' lang='lat' dir='ltr'><em>V.</em></span> <span class='ocrx_word' id='word_1_363' title='bbox 1478 2913 1500 2936; x_wconf 89' lang='lat' dir='ltr'><em>a</em></span> <span class='ocrx_word' id='word_1_364' title='bbox 1513 2902 1735 2948; x_wconf 89' lang='lat' dir='ltr'><em>quest&#39;hora</em></span> <span class='ocrx_word' id='word_1_365' title='bbox 1753 2901 1894 2938; x_wconf 73' lang='lat' dir='ltr'><em>douera</em></span> 
     </span>
     <span class='ocr_line' id='line_1_39' title="bbox 261 2958 1894 3008; baseline 0.002 -16"><span class='ocrx_word' id='word_1_366' title='bbox 261 2969 369 2993; x_wconf 89' lang='lat' dir='ltr'><em>esser</em></span> <span class='ocrx_word' id='word_1_367' title='bbox 388 2958 557 2994; x_wconf 87' lang='lat' dir='ltr'><em>arriuato</em></span> <span class='ocrx_word' id='word_1_368' title='bbox 576 2960 624 3003; x_wconf 73' lang='lat' dir='ltr'><em>la,</em></span> <span class='ocrx_word' id='word_1_369' title='bbox 645 2959 670 2994; x_wconf 92' lang='lat' dir='ltr'><em>il</em></span> <span class='ocrx_word' id='word_1_370' title='bbox 690 2960 762 2995; x_wconf 89' lang='lat' dir='ltr'><em>che</em></span> <span class='ocrx_word' id='word_1_371' title='bbox 782 2959 839 2995; x_wconf 84' lang='lat' dir='ltr'><em>sia</em></span> <span class='ocrx_word' id='word_1_372' title='bbox 858 2960 906 2995; x_wconf 92' lang='lat' dir='ltr'><em>ad</em></span> <span class='ocrx_word' id='word_1_373' title='bbox 924 2961 1045 2996; x_wconf 88' lang='lat' dir='ltr'><em>honor</em></span> <span class='ocrx_word' id='word_1_374' title='bbox 1070 2966 1108 2996; x_wconf 89' lang='lat' dir='ltr'><em>et</em></span> <span class='ocrx_word' id='word_1_375' title='bbox 1131 2960 1255 3006; x_wconf 86' lang='lat' dir='ltr'><em>gloria</em></span> <span class='ocrx_word' id='word_1_376' title='bbox 1278 2961 1326 2996; x_wconf 92' lang='lat' dir='ltr'><em>de</em></span> <span class='ocrx_word' id='word_1_377' title='bbox 1351 2960 1474 3005; x_wconf 90' lang='lat' dir='ltr'><em>Iddio,</em></span> <span class='ocrx_word' id='word_1_378' title='bbox 1499 2966 1539 2996; x_wconf 89' lang='lat' dir='ltr'><em>et</em></span> <span class='ocrx_word' id='word_1_379' title='bbox 1562 2960 1667 2996; x_wconf 79' lang='lat' dir='ltr'><em>aecio</em></span> <span class='ocrx_word' id='word_1_380' title='bbox 1690 2962 1763 2996; x_wconf 88' lang='lat' dir='ltr'><em>che</em></span> <span class='ocrx_word' id='word_1_381' title='bbox 1781 2971 1894 3008; x_wconf 89' lang='lat' dir='ltr'><em>possa</em></span> 
     </span>
     <span class='ocr_line' id='line_1_40' title="bbox 258 3016 1901 3068; baseline 0.002 -16"><span class='ocrx_word' id='word_1_382' title='bbox 258 3028 393 3052; x_wconf 84' lang='lat' dir='ltr'><em>essere</em></span> <span class='ocrx_word' id='word_1_383' title='bbox 411 3017 559 3053; x_wconf 89' lang='lat' dir='ltr'><em>aiutato</em></span> <span class='ocrx_word' id='word_1_384' title='bbox 578 3016 681 3054; x_wconf 79' lang='lat' dir='ltr'><em>nelle</em></span> <span class='ocrx_word' id='word_1_385' title='bbox 701 3030 791 3055; x_wconf 89' lang='lat' dir='ltr'><em>cose</em></span> <span class='ocrx_word' id='word_1_386' title='bbox 810 3019 1054 3066; x_wconf 86' lang='lat' dir='ltr'><em>apertenenti</em></span> <span class='ocrx_word' id='word_1_387' title='bbox 1073 3021 1147 3056; x_wconf 89' lang='lat' dir='ltr'><em>alla</em></span> <span class='ocrx_word' id='word_1_388' title='bbox 1172 3019 1413 3068; x_wconf 86' lang='lat' dir='ltr'><em>Compagnia</em></span> <span class='ocrx_word' id='word_1_389' title='bbox 1439 3025 1568 3056; x_wconf 88' lang='lat' dir='ltr'><em>nostra</em></span> <span class='ocrx_word' id='word_1_390' title='bbox 1587 3025 1626 3055; x_wconf 90' lang='lat' dir='ltr'><em>et</em></span> <span class='ocrx_word' id='word_1_391' title='bbox 1643 3021 1679 3056; x_wconf 93' lang='lat' dir='ltr'><em>le</em></span> <span class='ocrx_word' id='word_1_392' title='bbox 1697 3022 1808 3066; x_wconf 72' lang='lat' dir='ltr'><em>alne,</em></span> <span class='ocrx_word' id='word_1_393' title='bbox 1827 3032 1901 3067; x_wconf 83' lang='lat' dir='ltr'><em>per</em></span> 
     </span>
    </p>
   </div>
  </div>
 </body>
</html>
