1958 3210
773 160 990 197 APPENDIX
1616 167 1687 213 653

70 258 111 300 al
138 259 259 300 buen
288 258 509 312 essemplo
537 272 624 312 que
651 259 798 303 deuen
827 262 906 302 dar
937 262 1003 304 los
1032 263 1088 304 de
1124 264 1165 305 13
1195 265 1443 320 Compafiia
1477 282 1564 322 que
1593 276 1688 311 este

71 317 289 359 mancebo
312 329 360 357 se
383 316 710 361 entretubiesse
733 323 834 372 aqui
865 324 959 361 mas
987 325 1012 362 3
1040 322 1078 363 13
1112 323 1236 377 larga
1266 328 1291 366 a
1314 333 1460 368 costas
1488 327 1624 377 della,
1660 343 1688 382 y

69 378 156 418 assi
179 373 356 430 parecio
378 388 426 417 se
450 381 650 417 tornasse
674 381 698 418 a
719 378 887 419 embiar
909 383 933 420 a
951 380 1213 435 Mallorqua.
1240 374 1292 424 El
1317 385 1373 425 ha
1397 384 1570 427 instado
1589 400 1688 427 mu-

68 436 153 477 6110
176 447 264 488 que
286 447 366 488 por
389 433 527 488 algun
552 433 715 489 tiempo
739 437 918 478 todauia
940 438 981 479 16
1005 445 1188 493 tengan,
1214 456 1242 495 y
1265 446 1351 484 assi
1376 457 1424 486 se
1448 445 1503 486 ha
1526 446 1685 486 hecho.

69 494 187 536 Creo
219 495 425 547 esperara
462 492 629 547 alguna
665 502 895 548 respuesta
929 497 983 538 de
1013 499 1261 553 Mallorqua
1289 502 1344 542 de
1373 502 1415 543 lo
1447 517 1533 556 que
1567 504 1689 545 absia

66 551 275 607 escript03
300 565 345 605 y,
366 565 536 605 porque
554 552 708 605 podria
726 567 797 595 ser
814 568 900 607 que
923 556 1007 597 3113
1025 571 1073 599 se
1091 558 1373 601 entiendesse
1392 568 1486 602 esta
1505 561 1690 604 historia

65 612 121 653 de
143 617 239 652 otra
263 624 459 662 manera,
486 613 584 651 sera
606 610 709 653 bien
732 626 819 666 que
843 614 898 655 V.
927 615 978 655 R.
1006 615 1151 658 embie
1174 617 1214 658 13
1244 626 1451 672 presente
1479 621 1519 661 al
1545 629 1690 662 rector

64 670 120 712 de
142 670 230 720 alli,
256 683 362 723 para
384 682 472 722 que
494 671 588 710 este
610 670 869 712 enformado
891 672 947 715 de
969 674 1011 713 10
1035 688 1122 727 (1116
1156 690 1306 729 passa,
1342 692 1368 726 v
1391 693 1446 720 en
1470 679 1512 719 10
1533 679 1688 721 demas

63 727 453 770 encommiendase
476 731 501 769 3
522 728 564 769 13
587 728 798 770 charidad
821 730 876 771 de
899 732 954 772 V.
982 733 1034 773 R.
1062 734 1102 774 61
1127 740 1252 777 tener
1275 727 1438 778 cuenta
1456 751 1540 778 con
1558 739 1688 791 aquel

66 786 310 842 collegio...
336 788 405 828 De
428 787 584 838 Roma,
610 786 639 827 11
664 799 718 839 24
748 788 789 829 (11
821 789 975 843 Aprile
1000 792 1124 844 1564.

755 949 991 991 XXXVIII

601 1047 645 1080 B.
673 1047 874 1082 PETRUS
901 1048 1146 1085 CANISIUS

476 1150 674 1179 PATRI
723 1150 978 1188 JACOBO
1027 1152 1273 1181 LAINEZ

506 1226 761 1280 Augustae,
791 1238 844 1281 29
868 1226 1035 1281 Aprilis
1064 1228 1173 1280 1564
1202 1230 1227 1269 ¹.

57 1313 218 1348 Natalis
231 1317 471 1349 curaturum
487 1325 524 1347 se
534 1313 723 1359 promisit
741 1314 956 1359 ampliores
970 1315 1063 1348 dari
1074 1315 1293 1360 facultates
1307 1318 1382 1361 pro
1395 1317 1682 1352 haereticorum

151 1361 473 1396 reconciliatione
491 1361 533 1395 in
556 1359 792 1395 Germania:
813 1362 859 1395 de
880 1362 968 1395 ΡΡ.
995 1362 1200 1406 Sclzoritio,
1223 1363 1321 1396 Pisa
1339 1366 1374 1397 et
1392 1364 1578 1398 Peltcwm.

151 1438 310 1483 ...Scio
348 1438 581 1494 episcopos
618 1437 691 1480 hic
729 1439 919 1480 multum
958 1439 1122 1491 ualere,
1162 1440 1240 1482 sed
1265 1439 1587 1490 ,destituuntur
1620 1441 1681 1482 illi

57 1513 237 1554 quoque
262 1498 489 1549 facultate,
515 1512 648 1552 quam
673 1497 769 1539 aliis
791 1498 1134 1552 subpastoribus
1164 1499 1219 1539 ad
1248 1499 1545 1541 absoluendos
1576 1502 1681 1542 1136-

57 1557 218 1599 reticos
241 1557 506 1612 largiantur.
542 1558 686 1599 Vetus
708 1564 776 1600 est
798 1558 908 1599 haec
937 1557 1132 1611 querela,
1159 1563 1203 1599 et
1232 1557 1399 1611 optime
1422 1566 1525 1599 nota
1559 1559 1681 1600 Patri

57 1615 378 1667 commissario,
404 1615 480 1670 qui
503 1615 706 1671 promisit
728 1615 967 1670 aliquando
990 1630 1037 1658 se
1056 1615 1226 1657 ratione
1243 1617 1435 1669 quadam
1454 1626 1677 1669 acturum,
1731 1657 1736 1663 ,

57 1682 107 1717 111
128 1675 246 1717 circa
268 1689 481 1718 censuras
504 1674 829 1718 ecclesiasticas
852 1689 953 1716 curn
978 1674 1204 1729 germanis
1228 1675 1491 1717 clementius
1520 1690 1679 1730 agere-

55 1740 144 1787 tur,
170 1734 430 1789 praesertim
454 1741 503 1775 ut
524 1734 744 1776 bonorum
768 1733 1090 1784 ministrorum,
1126 1733 1202 1787 qui
1232 1734 1390 1775 uolunt
1420 1742 1463 1776 et
1492 1743 1680 1788 possunt

54 1807 146 1836 rem
171 1793 306 1835 tutari
329 1792 610 1843 catholicam,
636 1792 776 1834 maior
798 1792 910 1834 ratio
934 1792 979 1833 in
1001 1793 1110 1834 vrbe
1132 1793 1387 1835 haberetur.
1410 1794 1577 1835 Verum
1602 1809 1680 1837 ex·

53 1852 334 1907 pectabimus
355 1851 571 1894 iudicium
589 1853 642 1894 R.
670 1853 723 1894 T.
750 1858 795 1893 et
817 1851 1006 1907 gratiam
1030 1850 1191 1893 summi
1213 1851 1458 1906 pastoris...

141 1913 211 1954 De
236 1913 287 1953 P.
320 1911 583 1955 Schorichio
610 1910 674 1953 sic
702 1910 832 1953 nobis
864 1910 1059 1963 uidetur,
1095 1925 1183 1952 non
1217 1924 1348 1965 posse
1385 1910 1507 1951 illum
1549 1910 1678 1952 facile

54 1970 292 2013 Monachio
324 1969 560 2021 dimoueri,
601 1969 686 2012 nisi
719 1970 861 2013 altero
893 1969 1140 2011 substituto
1170 1968 1498 2011 concionatore:
1533 1983 1678 2023 neque

54 2035 204 2073 tamen
225 2029 334 2071 satis
363 2029 640 2080 conueniret,
672 2036 723 2070 ut
751 2028 900 2071 statim
934 2028 1039 2070 illuc
1072 2027 1236 2071 rediret
1270 2029 1321 2069 P.
1356 2027 1590 2079 Martinus,
1622 2043 1679 2071 ne

54 2087 395 2140 tentationibus,
422 2103 533 2142 quas
556 2095 689 2130 antea
717 2095 901 2143 propter
929 2094 1146 2129 rectorem
1179 2094 1223 2130 et
1255 2087 1469 2142 populum
1502 2086 1675 2139 habuit,

52 2145 214 2189 iterum
252 2147 531 2199 subiiciatur,
576 2147 693 2189 sicut
734 2146 901 2189 rectius
944 2146 1070 2188 nouit
1109 2148 1244 2188 Pater
1286 2145 1672 2187 commissarius...

53 2202 221 2262 Scripsi
244 2213 469 2261 postremo
498 2205 775 2262 Ingolstadii,
809 2220 880 2248 me
910 2207 999 2247 huc
1029 2221 1054 2247 a
1086 2207 1142 2247 D.
1175 2205 1210 2246 F
1215 2218 1388 2259 uggera
1416 2211 1674 2246 reuocatum

53 2279 166 2318 esse,
195 2272 243 2307 ut
266 2265 491 2307 uisitando
514 2265 576 2307 illi
600 2265 791 2320 collegio
815 2279 905 2306 non
930 2263 1151 2319 potuerim
1176 2270 1276 2304 octo
1300 2262 1393 2305 dies
1417 2263 1532 2303 dare.
1555 2262 1673 2303 Reli-

53 2324 129 2378 qui
160 2331 311 2367 tamen
344 2325 503 2368 fratres
532 2332 778 2378 utcumque
809 2323 1070 2377 tranquillos
1100 2329 1143 2365 et
1171 2321 1434 2363 incolumes.
1468 2320 1674 2363 Satisfeci

52 2382 202 2436 etiam,
244 2390 294 2424 ut
331 2384 472 2438 potui,
513 2383 723 2437 antiquae
760 2383 940 2425 scholae
977 2380 1321 2436 professoribus,
1365 2386 1412 2421 ut
1454 2378 1675 2433 patienter

51 2449 291 2497 expectent
314 2442 503 2498 gratiam
526 2442 572 2484 in
595 2449 813 2484 autumno
835 2440 1056 2495 sequenti.
1084 2438 1223 2482 Nouit
1251 2453 1357 2481 sane
1388 2440 1522 2480 Pater
1550 2452 1674 2479 com-

51 2499 294 2554 missarius,
321 2508 421 2556 post
444 2508 513 2543 tot
535 2515 676 2543 annos
699 2500 857 2544 merito
879 2499 963 2541 illis
993 2498 1158 2553 aliquid
1187 2497 1525 2540 concedendum
1557 2511 1671 2547 esse,

51 2566 100 2601 ut
122 2560 178 2601 361
200 2559 368 2602 maiora
390 2566 435 2604 et
456 2560 540 2616 ipsi
563 2559 712 2602 studia
735 2565 980 2609 transeant,
1006 2564 1050 2600 et
1079 2556 1260 2612 propius
1292 2555 1533 2610 attingant,
1559 2568 1674 2609 quae

50 2625 156 2660 sunt
177 2619 318 2661 nostri
340 2619 583 2662 instituti...
612 2621 669 2662 D.
693 2618 841 2660 Pisam
860 2624 904 2659 et
921 2619 978 2659 D.
1002 2617 1255 2668 Peltanum,
1276 2614 1393 2655 inter
1411 2628 1522 2668 quos
1540 2626 1673 2668 saepe

50 2691 139 2720 non
162 2677 331 2733 optime
352 2677 582 2729 conuenit,
609 2677 771 2721 iterum
795 2675 948 2718 studui
971 2674 1224 2724 conciliare,
1246 2680 1295 2714 ut
1313 2687 1489 2714 omnem
1508 2686 1670 2714 ranco-

49 2735 109 2778 ris
132 2743 176 2780 et
204 2737 488 2780 emulationis
517 2745 668 2779 notam
697 2737 969 2791 effugerent,
1000 2746 1148 2787 neque
1176 2733 1286 2774 alter
1316 2731 1533 2774 aduersus
1561 2731 1672 2773 3116-

121 2880 131 2899 ¹
183 2879 240 2913 Ex
269 2879 501 2924 archetypo,
530 2876 569 2912 in
600 2877 733 2923 Epist.
774 2874 948 2915 Canisii,
982 2874 1014 2917 Ι,
1049 2871 1114 2916 134
1144 2871 1245 2916 (460,
1279 2871 1362 2915 461,
1394 2869 1535 2915 46[2]).
1568 2869 1669 2903 Vide

49 2923 167 2971 epist.
191 2926 274 2971 265,
294 2938 336 2961 n.
360 2936 396 2971 93
417 2934 500 2971 274,
519 2937 562 2960 n.
586 2932 621 2968 7;
644 2929 682 2959 et
701 2922 882 2969 append„
902 2921 956 2955 XI
976 2922 1031 2963 (a.

191 3012 306 3042 Emsr.
330 3013 372 3041 P.
395 3013 528 3048 NADAI„
549 3012 638 3040 ΤοΜ.
662 3011 708 3039 11.
1496 3003 1531 3031 43
