1958 3210
252 211 323 256 664
860 212 999 246 Episr.
1024 211 1068 246 Ρ.
1099 211 1248 247 NADAL

249 326 355 368 gam
384 325 432 354 se
461 311 669 363 contulit,
703 325 837 366 quem
866 326 954 368 ego
987 319 1208 357 rectorem
1238 313 1478 358 Societatis
1514 314 1635 358 illius
1668 317 1891 360 constitui

247 372 426 415 vellem:
453 384 600 425 neque
623 378 804 414 recusat
829 373 882 414 P.
908 373 943 414 F
948 371 1193 415 ranciscuS.
1222 373 1400 417 Literae
1429 374 1530 417 Rdi.
1565 375 1714 418 Patris
1743 391 1891 433 gene-

247 430 351 472 ralis
390 430 573 472 fuerunt
611 431 667 472 ad
705 445 777 473 me
814 431 1029 486 perlatae;
1072 446 1180 473 num
1219 441 1371 476 autem
1404 448 1670 488 responsum
1704 447 1889 491 quoque

247 503 397 531 meum
422 489 662 544 acceperit,
689 491 891 532 nondum
916 490 1025 533 satis
1047 490 1156 536 mihi
1179 499 1369 534 constat.
1395 492 1526 535 Mitto
1551 494 1603 535 P.
1630 495 1685 536 V.
1716 495 1890 539 descri-

248 555 339 603 pta,
366 563 480 603 quae
504 548 706 603 proxime
729 548 916 593 ineunte
945 550 1292 606 quadragesima
1314 559 1414 595 acta
1444 559 1550 594 sunt
1580 567 1658 607 per
1689 569 1775 607 me,
1812 555 1891 609 qui

249 614 451 662 perstant
480 607 772 650 nihilominus
802 608 846 650 in
886 623 969 651 sua
998 610 1290 653 contumatia.
1326 612 1406 653 Est
1442 611 1528 653 illis
1566 626 1644 666 per
1682 628 1753 657 me
1792 613 1890 657 dies

248 666 397 709 dictus
418 667 569 709 'coram
594 667 882 711 serenissimo
906 683 1016 724 rege
1038 683 1155 711 meo:
1183 669 1293 722 dies,
1321 670 1429 725 quid
1452 672 1656 713 futurum
1676 671 1749 726 sit,
1773 672 1892 715 indi—

248 726 385 768 cabit.

338 785 450 828 Rdo.
481 785 604 827 Patri
629 786 829 839 generali
853 801 905 830 ac
928 786 1065 829 totius
1088 787 1218 830 istius
1241 796 1425 831 sanctae
1450 788 1693 832 Societatis
1715 791 1892 845 praeci--

248 845 334 886 bus
367 852 412 886 et
450 845 682 888 sacrificiis
711 845 953 901 diligenter
982 861 1054 889 me
1084 847 1389 891 commendari
1421 855 1539 902 peto:
1574 849 1892 893 Salineronum

245 918 428 958 quoque
452 912 656 946 nostrum
680 906 846 948 salutet
868 906 1019 949 verbis
1042 906 1170 959 meis,
1196 922 1300 949 nam
1324 910 1373 949 P.
1398 908 1603 950 Natalem
1626 910 1890 964 Augustam

248 964 502 1018 profectum
532 978 630 1007 esse
659 964 867 1016 arbitror,
902 964 975 1007 cui
1006 980 1207 1021 praecor,
1241 975 1289 1007 vt
1318 966 1675 1022 quamplurimos
1709 969 1892 1012 Christo

249 1022 514 1065 lucrifacere
542 1033 694 1078 queat.
729 1026 853 1067 Bene
884 1025 1031 1067 valeat
1062 1027 1113 1068 P.
1157 1027 1214 1069 V.
1255 1027 1424 1068 Datum
1459 1042 1513 1069 ex
1553 1034 1704 1069 castro
1738 1036 1893 1072 nostro

248 1082 594 1138 heilspergensi,
622 1083 692 1126 die
717 1083 872 1126 Vltima
896 1084 1053 1127 Marcii
1075 1099 1194 1127 anno
1216 1084 1398 1127 Domini
1422 1100 1454 1128 M
1479 1100 1522 1128 D.
1551 1100 1626 1129 Lx.
1660 1100 1699 1129 V.

338 1143 418 1195 Ea,
444 1156 561 1196 quae
584 1142 764 1187 mittere
786 1143 909 1186 volui
933 1158 1034 1186 cvm
1058 1144 1314 1200 elbingensi
1340 1152 1455 1196 acta,
1488 1159 1608 1187 nvnc
1639 1161 1733 1188 non
1762 1147 1893 1190 mitto

255 1208 438 1257 propter
460 1203 621 1244 mvltas
645 1202 965 1258 occupationes
988 1218 1127 1246 meas.
1154 1205 1311 1247 Frater
1334 1204 1377 1246 in
1403 1204 1602 1256 Christo,

665 1263 985 1315 STANISLAUS,
1018 1278 1307 1307 CARDINALIS
1341 1278 1651 1307 VARMIENSIS.

342 1320 585 1375 Inscrisptio
610 1322 657 1363 in
682 1325 848 1377 quarta
865 1323 1063 1378 pagina:
1088 1324 1202 1366 Rdo.
1231 1323 1370 1375 Patri,
1398 1323 1579 1365 domino
1604 1323 1770 1380 Joanni
1801 1325 1893 1366 Po-

252 1379 399 1431 lanco,
441 1394 595 1423 sacrae
635 1381 894 1437 theologiae
931 1382 1120 1434 doctori,
1162 1390 1207 1425 et
1245 1382 1485 1427 Societatis
1519 1384 1630 1440 Jesu
1669 1384 1894 1427 cancella-

250 1438 331 1491 rio,
358 1446 465 1490 ete„
493 1439 537 1481 in
560 1440 743 1483 Christo
766 1441 896 1493 nobis
926 1441 1189 1485 charissimo
1218 1450 1263 1486 et
1293 1443 1572 1485 honorando.
1599 1443 1706 1484 Alia
1736 1457 1894 1485 manu:

258 1499 719 1599 Ι5ξΞ5ιΗ61ἱ3ρθῑςὴ.
760 1501 898 1543 Card.
931 1501 1205 1546 varmiense.
1246 1501 1417 1546 Ultimo
1449 1502 1493 1544 di
1525 1504 1697 1545 Marzo.
1737 1503 1894 1559 Sigillz·

246 1571 322 1600 ves
343 1573 512 1615 ignem.

984 1711 1172 1753 XLVIII

703 1803 1142 1840 STANISLAUS
1181 1803 1436 1841 HOSIUS

844 1887 1050 1922 cardinalis
1072 1888 1302 1923 varmiensis

727 1986 868 2015 PATRI
902 1986 1075 2025 JOANNI
1109 1987 1171 2016 DE
1203 1986 1421 2016 POLANCO

668 2060 965 2114 Petricoviae,
1014 2072 1036 2116 5
1078 2061 1247 2117 Aprilis
1292 2075 1306 2104 Ι
1318 2063 1398 2116 565
1445 2064 1470 2105 ¹.

390 2147 679 2194 Episcopormn
705 2149 944 2194 jurisdictio
975 2150 1189 2196 abrogata:
1219 2151 1443 2185 remedium
1464 2151 1589 2185 tantis
1624 2150 1745 2185 malis

880 2198 1066 2233 adhibere
1091 2199 1262 2245 satagit.

340 2274 452 2317 Rde.
488 2276 622 2316 Pater
650 2274 694 2316 in
735 2275 917 2318 Christo
947 2275 1209 2320 charissime
1238 2283 1283 2318 et
1311 2277 1595 2327 honorande,
1627 2277 1818 2320 salutern
1850 2282 1894 2319 et
1949 2283 1958 2292 ”

247 2332 398 2375 omnia
422 2333 612 2377 foelicia.
640 2335 820 2378 Statum
845 2350 993 2378 rerum
1017 2334 1091 2377 hic
1112 2343 1366 2378 nostrarum
1398 2343 1441 2379 et
1471 2335 1757 2378 comitiorum
1788 2349 1894 2390 pro-

248 2406 458 2447 gressum
483 2408 575 2435 non
598 2394 758 2436 dubito
784 2394 893 2449 quin
920 2397 970 2437 P.
993 2396 1115 2438 V‚tra
1145 2409 1200 2437 ex
1228 2398 1360 2438 Patre
1386 2395 1650 2438 Balthazaro
1674 2396 1687 2414 ‘²
1713 2395 1895 2437 abunde

250 2451 309 2493 sit
336 2451 599 2507 cognitura3
633 2453 769 2495 michi
798 2453 941 2505 enim,
980 2456 1273 2498 uehementer
1303 2461 1545 2509 occupato,
1577 2454 1775 2496 scribere
1804 2468 1895 2496 non

250 2519 399 2563 uacat,
426 2526 509 2554 nec
533 2520 601 2554 est
625 2514 746 2568 quod
776 2514 848 2556 uel
878 2520 999 2557 recte
1022 2513 1178 2566 scribi,
1213 2514 1285 2557 uel
1315 2514 1668 2557 consolationem
1698 2513 1894 2567 aliquam

248 2571 410 2614 afferre
435 2572 589 2625 possit.
622 2572 832 2614 Proximo
854 2573 925 2615 die
949 2573 1082 2616 lunae
1105 2574 1325 2629 abrogata
1343 2580 1411 2615 est
1427 2572 1740 2627 episcoporum
1759 2571 1892 2614 iuris-

247 2629 377 2672 ditio.
407 2632 542 2673 Nunc
564 2632 793 2674 laboratur
816 2647 841 2674 a
863 2631 1009 2684 nobis,
1039 2640 1086 2675 ut
1109 2632 1289 2687 aliquod
1310 2632 1352 2676 ⁴ei
1376 2632 1439 2676 rei
1463 2631 1602 2687 possit
1626 2631 1722 2674 fieri
1746 2646 1894 2675 reme—

248 2688 389 2741 dium,
417 2697 461 2732 et
484 2690 621 2733 nichil
644 2706 669 2733 a
693 2706 764 2735 me
787 2699 831 2734 et
854 2692 910 2734 ab
935 2692 1074 2734 Illmo.
1098 2692 1250 2747 legato
1269 2693 1282 2712 ³
1304 2691 1648 2746 pretermittitur
1666 2690 1832 2734 laboris
1849 2697 1894 2733 et

249 2747 528 2804 diligentiae,
555 2751 634 2793 sed
658 2765 750 2793 non
773 2752 967 2799 multum
997 2751 1240 2807 profecisse
1273 2752 1420 2793 adhuc
1444 2750 1665 2803 videmur3
1692 2765 1795 2806 spes
1825 2756 1895 2792 est

324 2905 331 2924 ¹
386 2905 442 2938 Ex
462 2905 688 2951 archetypO,
710 2904 749 2940 in
771 2904 869 2940 Cod.
898 2905 956 2951 38,
972 2905 1117 2951 duplici
1136 2905 1207 2940 fol.
1233 2913 1294 2939 ΙΙΙ
1316 2904 1436 2949 (135).

320 2954 332 2971 “-’
385 2951 430 2985 P.
458 2953 658 2987 Balthasar
677 2953 938 2988 Hostovinus.
964 2953 1063 2988 Vide
1083 2953 1202 3000 epist.
1227 2951 1310 2998 348,
1331 2958 1369 2987 et
1389 2952 1581 2999 append..
1601 2951 1766 2986 XLVII.

322 2999 335 3017 ⁵
387 2999 558 3043 Joannes
579 2999 916 3035 Commendonus.
