1958 3210
783 162 872 206 1556
1590 171 1632 206 45

24 271 165 330 puede
182 266 329 318 sufrir,
350 266 596 309 etc.·dahos
627 264 795 320 priessa
826 270 982 306 contra
1019 271 1140 307 estos
1158 263 1260 320 jscri
1275 288 1331 294 —
1347 284 1363 302 »
1377 271 1446 307 etc
1470 265 1496 305 ¹.
1519 264 1633 306 Nam

26 347 108 391 fuit
128 344 200 388 hic
221 344 365 386 bonus
387 342 538 384 Canus
560 341 812 396 postulatus
840 346 975 394 atque
1004 341 1174 383 electus
1196 340 1242 381 in
1270 339 1528 395 episcopum
1545 340 1634 382 Ca-

24 422 285 468 nariensem:
311 424 606 472 conquestum
627 416 760 459 audio
782 417 901 472 quod
923 431 1013 459 non
1030 423 1180 471 posset
1196 417 1371 459 labores
1394 415 1635 471 professio-

26 500 92 544 nis
114 494 364 551 theologiae
386 494 598 550 perferre,
625 493 744 549 quod
774 507 938 535 munus
965 493 1096 535 docte
1128 499 1173 534 et
1201 507 1303 534 cum
1333 492 1477 547 gratia
1504 506 1636 547 gere-

25 573 113 620 bat.
139 573 389 617 Voluerunt
417 585 518 613 eum
548 569 746 612 fortassis
769 570 1027 625 ablegatum
1051 583 1152 611 cum
1175 571 1344 611 honore
1372 568 1417 609 in
1445 568 1634 611 insulam

24 657 198 709 propter
225 647 517 690 dificultatem
555 645 740 701 ingenij.
776 645 936 688 Obiter
967 645 1139 687 dixerat
1168 644 1230 685 illi
1266 644 1489 699 princeps:
1529 646 1634 695 «Te,

25 731 83 772 M.
116 728 252 776 Cane,
293 724 349 766 ad
385 723 552 778 majora
588 722 909 765 destinamus.»
942 723 1016 764 76
1051 723 1154 764 Hoc
1193 721 1299 765 fecit
1328 728 1391 772 vt,
1424 720 1637 776 postridie

24 818 153 861 quam
175 807 292 845 esset
309 806 596 843 consecratus
624 798 860 854 episcopus
883 798 1171 849 canariensis,
1199 797 1461 853 episcopatu
1486 812 1535 840 se
1558 798 1636 839 ab-

23 881 201 931 dicaret,
233 878 353 932 quod
381 875 548 919 caesari
571 876 733 918 Carolo
765 882 810 917 et
844 875 1051 930 Philippo
1079 877 1371 919 vehementer
1393 872 1634 928 displicuit,

25 971 105 1002 nec
127 954 314 1010 amplius
336 953 381 995 in
403 967 505 996 eum
527 951 724 994 animum
748 951 1024 1002 adiecerunt,
1050 952 1123 994 vel
1145 950 1403 1007 cogitarunt
1425 950 1482 991 ad
1504 949 1639 991 alium

26 1033 325 1090 episcopatum
348 1029 600 1085 designare.
628 1028 747 1070 Hinc
771 1034 868 1070 orta
892 1028 1090 1070 creditur
1109 1028 1153 1069 in
1171 1027 1415 1070 Araozium
1433 1026 1636 1077 offensio,

26 1110 118 1153 siue
138 1106 348 1163 suspicio,
368 1106 492 1148 illum
514 1106 633 1160 apud
656 1104 912 1159 Philippum
935 1104 1151 1159 impedire
1173 1119 1230 1147 ne
1258 1103 1483 1159 potentior
1511 1103 1639 1146 fieret

26 1186 255 1242 episcopus
282 1183 288 1241 1
317 1184 484 1226 Canus.
501 1183 649 1237 Quam
667 1180 965 1236 suspicionem
983 1181 1150 1223 scimus
1166 1180 1351 1223 diluisse
1363 1178 1635 1234 Philippum:

27 1277 160 1319 quum
181 1261 299 1305 enim
321 1259 497 1303 audiret
514 1257 728 1313 conqueri
745 1258 800 1300 de
819 1257 1016 1300 Araozio
1033 1258 1224 1309 Canum,
1250 1255 1452 1311 «injuria,
1478 1255 1638 1310 inquit,

24 1338 309 1394 conqueritur
330 1338 384 1379 de
407 1335 601 1379 Araozio
623 1336 792 1387 Canus3
820 1334 944 1376 illum
967 1335 1120 1376 laudat
1144 1332 1382 1385 Araozius,
1407 1347 1498 1374 non
1520 1334 1641 1374 hunc

26 1417 218 1460 Canus.»

69 1523 71 1526 -
111 1494 433 1535 Perseuerante
460 1491 543 1532 hac
572 1489 683 1532 Cani
711 1487 990 1530 animositate
1022 1487 1067 1529 in
1096 1501 1192 1538 nos,
1224 1486 1348 1529 venit
1377 1485 1640 1528 Tridentum

27 1570 81 1613 ad
107 1568 347 1612 secundam
375 1566 549 1621 concilij
581 1564 995 1622 congregationem.
1028 1563 1092 1607 Ibi
1120 1564 1279 1607 volens
1308 1563 1431 1605 illum
1466 1563 1641 1618 placare

29 1647 80 1689 P.
101 1646 274 1700 Laynes
291 1658 393 1686 cum
411 1644 688 1694 Salmerone,
708 1648 753 1684 et
764 1642 952 1684 studens
969 1655 1036 1693 ea,
1051 1640 1215 1695 quibus
1236 1639 1472 1681 videbatur
1489 1639 1642 1681 Canus

29 1721 204 1774 offendi,
229 1721 416 1773 diluere,
441 1720 554 1763 adeo
576 1718 805 1762 fastidiose
827 1725 871 1762 et
889 1717 1178 1773 contemptim
1202 1731 1304 1759 cum
1326 1715 1434 1771 ipsis
1457 1714 1568 1770 egit,
1593 1722 1641 1756 vt

29 1812 190 1854 magna
211 1812 325 1853 opus
347 1795 656 1840 ha'77buerint
678 1795 723 1837 in
747 1810 800 1838 eo
824 1808 1071 1850 congressu
1096 1792 1327 1849 patientia.
1356 1792 1470 1834 Illud
1493 1798 1641 1834 tamen

30 1877 81 1918 P.
101 1875 292 1930 Laynes,
310 1880 359 1915 vt
375 1880 470 1915 erat
487 1872 713 1928 ingenuus
736 1879 872 1926 atque
890 1877 1071 1926 apertus
1090 1871 1204 1912 ferre
1222 1884 1312 1912 non
1329 1867 1493 1924 potuit,
1524 1868 1642 1922 quod

27 1951 111 1994 iam
131 1965 220 1993 non
241 1957 336 1992 erat
360 1956 448 1992 tam
472 1949 517 1991 in
540 1963 622 1991 nos
645 1947 1019 1992 contumeliosum
1051 1961 1184 2002 quam
1213 1946 1259 1988 in
1286 1946 1439 1989 sedem
1462 1951 1642 2000 aposto-

28 2026 153 2070 licam
175 2026 401 2069 iniurium:
431 2025 624 2081 «abigite
645 2024 778 2082 <dixit
810 2025 978 2079 Canus)
1008 2023 1116 2066 istas
1158 2022 1430 2073 noustates»,
1456 2021 1643 2064 insimu-

29 2103 122 2147 lans
162 2103 331 2147 scilicet
372 2102 642 2147 Societatem
692 2100 906 2144 nouitatis
954 2099 999 2142 in
1041 2099 1275 2155 religione.
1328 2100 1428 2141 Hoc
1476 2098 1644 2139 bonum

31 2181 82 2223 P.
107 2181 282 2236 Laynes
303 2180 416 2223 adeo
438 2178 675 2234 permouit,
701 2184 749 2219 vt
770 2176 1001 2233 hispanice
1024 2176 1144 2218 illam
1168 2175 1394 2219 retaliaret
1410 2180 1646 2217 contume-

31 2256 131 2299 liam
156 2255 288 2299 «istas
318 2255 492 2312 (inquit)
520 2256 740 2299 merdas».
775 2256 830 2296 Et
852 2256 937 2296 hoc
966 2253 1121 2296 dicens
1150 2251 1330 2308 reliquit
1366 2252 1558 2301 Canum3
1601 2256 1645 2292 et

34 2339 177 2376 tamen
193 2333 438 2396 nfon——-2
455 2332 588 2374 domo
603 2345 816 2387 egressus
833 2337 944 2381 erat,
976 2329 982 2387 Ι
1010 2343 1149 2384 quum
1168 2343 1270 2371 eum
1288 2327 1407 2369 illius
1424 2325 1645 2370 libertatis

34 2408 262 2465 poenituit.
303 2410 457 2464 Itaque
485 2408 678 2462 rediens,
719 2407 988 2463 prouolutus
1011 2407 1025 2426 ³
1055 2403 1305 2462 postulauit
1335 2404 1390 2447 ab
1419 2403 1495 2445 illo
1523 2402 1539 2422 ⁴
1566 2417 1646 2446 ve—

32 2484 161 2528 niam.
182 2487 282 2529 Hoc
305 2485 389 2528 fuit
411 2485 531 2540 apud
548 2485 724 2527 Canum
748 2491 875 2526 atrox
897 2483 1082 2533 crimen,
1109 2488 1153 2524 et
1175 2482 1231 2523 de
1248 2495 1338 2536 quo
1358 2478 1647 2535 hyperbolice

30 2575 106 2617 per
127 2561 421 2618 aposiopesim
445 2562 612 2605 referre
635 2561 748 2605 solet
770 2566 814 2604 et
836 2558 1065 2615 conqueri.

45 2663 47 2667 ’
69 2656 78 2675 ³
101 2663 111 2683 ¹
161 2661 239 2707 Sic,
265 2663 384 2697 verbo
408 2661 657 2708 incompleto.
685 2661 801 2695 Forte
824 2660 973 2695 scribas
996 2671 1020 2704 y
1038 2658 1217 2705 fariseos
1242 2656 1485 2702 subintelligi
1515 2656 1649 2691 voluit.

29 2717 134 2754 Haec
151 2721 270 2755 verba
283 2720 444 2768 hispano
462 2731 640 2755 sermone
656 2720 799 2766 scripta
818 2723 909 2753 sunt
923 2717 962 2752 in
980 2716 1173 2762 margine.

98 2779 112 2819 J'
159 2779 235 2830 Est
245 2779 307 2815 hic
330 2780 492 2830 verbum
517 2780 680 2816 obscure
704 2778 905 2824 scriptum,
931 2775 1034 2824 quod
1053 2779 1141 2812 erat
1165 2774 1374 2821 legendum
1394 2774 1560 2817 videtur3
1581 2773 1649 2808 sed

34 2816 192 2872 inferius
208 2823 397 2884 repetitur
413 2823 518 2872 idem
536 2828 711 2873 verbum

105 2895 118 2916 ³
166 2896 241 2932 Ms.
251 2897 552 2943 ,prouolutius.

106 2955 120 2974 ⁴
168 2955 410 3000 Ms.‚aillo.

177 3024 287 3052 Emsr.
307 3024 343 3054 P.
363 3025 497 3061 ΝΑοΑι,
517 3033 591 3054 Tou.
612 3025 655 3054 11.
1459 3023 1476 3048 5
