1958 3210
256 233 331 269 520
830 223 968 259 EPIST.
996 223 1040 258 P.
1068 222 1338 269 NADAL-348

261 341 352 369 non
377 324 658 380 susceperint
680 339 764 368 uos
784 324 831 367 in
855 339 945 367 una
967 324 1169 378 ciuitate,
1190 324 1251 370 ite
1273 325 1320 368 in
1343 325 1501 369 aliam»
1527 333 1573 369 et
1598 325 1761 369 «nolite
1778 341 1874 369 mar
1891 353 1902 358 -

256 402 431 459 ,garitas
454 401 674 457 proiicere
694 401 890 457 porcis»;
917 417 1112 458 namque
1133 402 1230 446 sine
1248 403 1398 446 fructu
1418 402 1587 447 reuersi
1610 416 1782 446 sumus.
1809 404 1899 446 Im-
1948 460 1950 463 .

262 486 441 534 perator
463 486 620 534 postea
642 478 894 535 aegerrime
917 473 1065 523 ferens
1087 494 1170 522 nos
1193 494 1282 522 non
1305 479 1524 522 admissos
1548 479 1711 532 fuisse,
1737 479 1898 533 litteris

256 556 480 599 acerrime
510 556 821 612 reprehendit,
856 563 900 599 et
924 557 1151 613 exemplar
1179 571 1333 600 earum
1363 558 1520 600 Rmus.
1546 556 1655 598 mihi
1682 557 1894 600 ostendit.

261 635 464 676 Vocatus
495 633 559 675 fui
588 632 752 678 deinde
781 635 837 676 ab
867 635 1024 678 eodem
1055 635 1111 677 ad
1139 635 1363 690 synodum
1388 633 1686 690 Tyrnauiam,
1718 648 1824 689 quo,
1852 633 1898 677 in

260 725 398 752 curru
427 710 610 766 proprio
638 726 722 753 suo
751 711 1013 765 assidendo,
1045 726 1118 755 me
1145 711 1356 765 deduxit3
1387 725 1472 754 nec
1502 725 1699 765 unquam
1722 717 1900 766 praeter
1955 717 1958 740 Ι

260 788 400 830 semel
418 802 577 843 passus
596 796 664 830 est
686 802 758 830 me
776 788 925 831 cibum
945 803 1124 833 sumere
1141 788 1187 831 in
1211 788 1419 845 collegio.
1442 790 1489 831 In
1508 802 1665 832 mensa
1683 788 1897 842 frequen-

259 871 326 906 ter
348 863 421 906 alii
445 864 659 920 episcopi,
686 866 881 908 barones
903 872 948 907 et
978 865 1131 922 magni
1161 864 1247 907 uiri
1270 866 1474 908 aderant.
1509 866 1655 920 Saepe
1683 865 1738 907 de
1761 865 1898 907 rebus
1957 867 1958 881 ¹

260 941 365 984 fidei
389 948 539 984 actum
565 949 633 985 est
660 949 706 984 et
736 942 871 986 rebus
899 942 1220 996 controuersis,
1256 942 1334 984 ubi
1364 949 1577 997 tanquam
1607 956 1633 984 a
1661 956 1745 984 suo
1768 943 1895 984 theo—

257 1019 367 1074 logo
391 1018 639 1062 sententias
662 1026 841 1075 patrum
874 1019 1124 1074 requisiuit.
1151 1021 1207 1062 Et
1230 1020 1285 1062 de
1308 1019 1405 1062 iure
1433 1018 1652 1061 canonico
1675 1019 1895 1073 quaedam

259 1111 316 1139 ex
339 1110 410 1138 me
432 1095 547 1138 scire
576 1096 747 1149 uoluit3
781 1104 826 1138 et
855 1111 910 1139 ex
941 1104 1145 1152 tempore
1173 1098 1298 1139 Deus
1328 1096 1492 1148 adfuit,
1518 1095 1623 1140 licet
1651 1102 1784 1138 antea
1805 1110 1896 1138 non
1945 1100 1952 1111 '

261 1173 499 1229 legissem,
532 1180 581 1215 ut
610 1188 704 1217 rem
734 1187 818 1215 acu
849 1181 1083 1229 tangerem
1113 1172 1247 1217 etiam
1271 1174 1411 1217 semel
1441 1180 1598 1215 contra
1626 1172 1896 1216 sententiam

259 1250 391 1302 Rmi.,
418 1265 473 1293 ex
497 1265 587 1305 quo
608 1250 744 1293 etiam
769 1250 953 1293 iuristae
977 1265 1141 1293 nomen
1164 1251 1284 1306 apud
1308 1252 1487 1292 Rmum.
1514 1256 1750 1292 assecutus
1773 1264 1890 1291 sum.

259 1328 417 1383 Nuper
440 1327 575 1370 etiam
600 1328 656 1370 ad
680 1327 916 1383 prandium
941 1341 1130 1381 uocans,
1162 1340 1381 1371 canonem
1405 1328 1461 1369 de
1477 1325 1774 1368 vmatrimonio
1802 1340 1896 1368 non

253 1419 521 1460 assequens,
547 1419 693 1448 meam
716 1404 987 1448 sententiam
1012 1404 1167 1448 audire
1189 1404 1349 1456 uoluit,
1376 1419 1464 1459 qua
1486 1404 1657 1460 perlata
1673 1403 1893 1456 modeste,

258 1496 349 1523 non
372 1482 616 1525 defuerunt
638 1482 715 1538 qui
738 1482 884 1525 eidem
908 1481 1285 1533 contradicerent,
1313 1480 1535 1523 immerito
1558 1488 1721 1523 tamen.
1746 1481 1795 1522 In
1819 1494 1895 1535 sy—

260 1559 378 1601 nodo
407 1560 414 1579 ¹
442 1566 532 1602 tres
556 1558 693 1601 habui
716 1558 1053 1602 exhortationes
1076 1559 1132 1601 de
1155 1557 1362 1612 ecclesia,
1388 1557 1553 1613 quibus
1575 1557 1649 1599 illa
1671 1555 1896 1600 conditio—

259 1635 394 1678 nibus
418 1637 473 1679 ab
497 1636 594 1678 aliis
616 1636 971 1689 discerneretur3
998 1636 1129 1678 aliam
1153 1637 1209 1678 de
1237 1635 1495 1678 obedientia
1522 1634 1732 1691 praelatis
1754 1635 1896 1678 eccle-

260 1713 353 1757 siae
376 1713 544 1766 debita;
572 1714 748 1756 tertiam
774 1728 884 1757 uero
914 1720 959 1757 et
987 1714 1174 1757 breuem
1198 1713 1254 1756 de
1287 1719 1567 1756 sacramento
1597 1711 1896 1755 eucharistiae

256 1798 302 1833 et
333 1791 581 1843 caelibatu;
615 1791 720 1846 quia
759 1798 938 1846 tempus
975 1792 1161 1847 longam
1200 1805 1291 1833 non
1320 1789 1536 1846 permisit.
1565 1791 1765 1846 Joannes
1795 1791 1897 1832 Mo-

254 1882 394 1911 rauus
419 1883 572 1921 unam,
599 1876 643 1910 et
667 1868 740 1911 alii
762 1882 843 1924 pro
866 1882 990 1911 more
1011 1868 1338 1912 declamarunt.
1368 1866 1545 1910 Placuit
1563 1868 1713 1919 Rmo.,
1733 1873 1778 1909 et
1795 1881 1897 1908 mo—

252 1946 342 1988 dus
365 1945 568 1997 dicendi,
594 1953 638 1988 et
668 1960 739 1988 res
767 1945 884 2001 ipsa,
918 1952 968 1987 ut
998 1946 1134 1987 uellet
1162 1960 1188 1987 a
1215 1960 1287 1988 rne
1316 1943 1467 2000 copias
1495 1944 1678 1987 habere.
1705 1944 1893 1996 Verum,

254 2023 360 2079 quia
383 2038 474 2065 non
503 2037 870 2078 composueram,
902 2022 981 2066 sed
1010 2021 1084 2066 die
1112 2021 1399 2078 praecedenti
1429 2020 1671 2063 meditatus
1702 2021 1892 2072 fueram,

253 2115 345 2143 non
368 2100 496 2156 potui
519 2100 747 2144 exhibere.
777 2099 899 2143 Misit
927 2099 1033 2142 inde
1065 2098 1380 2152 secretarium,
1405 2097 1535 2140 iussit
1567 2104 1615 2140 ut
1637 2097 1894 2140 exhiberem

253 2179 378 2234 prelo
402 2177 764 2230 committendas;
792 2178 871 2220 sed
894 2177 1042 2220 adhuc
1065 2176 1304 2232 episcopus
1326 2190 1418 2218 non
1436 2174 1637 2232 permisit
1657 2181 1705 2217 ut
1723 2173 1895 2217 scribe-

255 2271 364 2299 rem.
394 2256 567 2299 Aderat
591 2262 699 2297 tunc
724 2256 881 2297 Rmus.
910 2253 1136 2310 agriensis
1157 2254 1191 2306 ²,
1211 2252 1383 2309 primus
1401 2260 1502 2308 post
1524 2250 1891 2307 strigoniensem,

252 2333 330 2388 qui
353 2347 489 2375 manu
514 2339 737 2388 porrecta,
764 2331 932 2386 inquit:
969 2331 1213 2375 «Gratulor
1236 2329 1333 2382 tibi,
1360 2343 1560 2386 agnosco
1585 2335 1628 2372 te
1651 2334 1891 2379 oratorem,

253 2410 433 2465 erisque
451 2411 571 2466 apud
594 2425 666 2454 me
689 2408 796 2451 boni
819 2408 1013 2451 nominis
1040 2415 1085 2451 et
1101 2407 1274 2450 amicus
1292 2421 1513 2462 semper.»
1536 2406 1603 2447 Ex
1621 2419 1674 2448 eo
1693 2411 1895 2459 tempore

254 2488 413 2529 Rmus.
441 2485 757 2542 strigoniensis
788 2499 965 2541 semper
994 2485 1132 2528 instat
1155 2491 1206 2526 ut
1237 2491 1282 2528 et
1310 2482 1565 2539 Tyrnauiae
1594 2495 1816 2532 maneam,
1848 2486 1893 2523 et

253 2564 438 2607 omnino
461 2564 506 2607 in
530 2565 632 2606 aula
656 2578 753 2606 sua.
781 2565 829 2605 In
860 2564 963 2605 aula
991 2561 1196 2605 habitare
1228 2576 1319 2603 non
1348 2559 1503 2616 cupio,
1536 2573 1684 2613 neque
1717 2559 1894 2613 Tyrna—

254 2641 370 2694 uiae,
398 2641 483 2684 nisi
506 2640 764 2684 obedientia
792 2639 987 2683 iusserit.
1016 2641 1085 2682 De
1114 2639 1259 2695 primo
1288 2652 1378 2680 non
1408 2644 1477 2681 est
1507 2635 1736 2679 reddenda
1760 2633 1889 2677 ratio,

253 2720 324 2762 De
347 2719 550 2761 secundo
574 2720 685 2760 haec
707 2732 807 2761 esse
835 2723 985 2773 potest
1007 2731 1115 2772 prae
1138 2715 1251 2758 aliis:
1279 2714 1384 2769 quia
1407 2729 1497 2756 non
1521 2721 1589 2755 est
1612 2712 1658 2754 in
1681 2726 1771 2768 quo
1794 2717 1894 2753 stu—

251 2794 325 2837 dia
349 2809 599 2847 exerceam3
626 2809 730 2837 nam
763 2794 837 2837 cui
870 2801 1050 2850 tempus
1079 2808 1169 2835 non
1201 2793 1355 2834 datum
1380 2798 1448 2835 est
1470 2790 1555 2833 sub
1578 2794 1886 2847 praeceptore,

252 2873 381 2915 labor
404 2871 610 2915 lectionis
633 2871 836 2927 priuatae
859 2878 904 2914 et
926 2869 1134 2927 publicae
1158 2883 1262 2913 eum
1285 2869 1449 2911 docere
1477 2867 1633 2919 debet,
1668 2879 1784 2920 quae
1805 2863 1897 2906 dif-

328 2982 333 2999 ¹
389 2979 476 3022 Ms.,
496 2979 663 3024 synoda.

321 3041 334 3059 ‘²
388 3038 480 3073 Ant.
503 3037 732 3073 Verantius.
756 3037 894 3084 GAMS,
912 3035 1047 3073 Series
1065 3036 1200 3083 episc„
1221 3045 1309 3081 pag.
1330 3032 1413 3069 368.
