1958 3210
270 220 319 256 50
831 211 873 246 P.
902 211 1089 247 NATALIS
1114 213 1331 248 EPHEMER.

358 347 428 390 87
512 361 674 391 ROMAE
720 361 836 391 POST
871 356 978 392 2.AM
1015 363 1279 393 MISSIONEM
1301 363 1350 393 IN
1373 364 1651 403 HISPANIAM,

867 440 1060 470 VICARIO
1085 441 1125 469 P.
1153 440 1309 470 LAYNE

1036 528 1147 562 1557

359 619 564 664 Intellexi
585 621 641 664 de
664 620 856 664 transitu
880 623 932 664 P.
959 621 1139 677 Ignatij,
1160 628 1247 664 etc.
1274 623 1514 677 Quomodo
1530 630 1710 666 creatus
1728 623 1812 666 fuit
1828 625 1901 681 vi.-31
1924 618 1927 703 ἰ

272 697 420 740 carius
438 699 491 740 P.
518 698 710 753 Laynes‚
736 704 822 740 etc.
849 697 975 741 Dixit
999 698 1230 741 Bobadilla
1258 713 1306 742 se
1334 706 1540 742 sanatum
1562 715 1588 743 a
1606 699 1734 752 febri,
1761 706 1928 779 quum‘!

271 774 439 819 iaceret
459 774 506 818 in
528 776 645 818 lecto
668 775 742 817 vbi
766 775 915 819 fuerat
937 782 1141 818 mortuus
1166 778 1216 819 Ρ.
1244 775 1460 832 Ignatius.
1487 776 1727 819 Cornelius
1750 777 1807 821 de
1829 792 1900 821 sa-
1928 827 1929 837 ἵ

275 859 381 895 nata
403 851 494 895 filia
514 852 749 895 cuiusdam
772 852 973 896 mulieris
995 853 1204 906 deuotae,
1225 859 1313 896 etc.
1928 849 1931 910 ’Ἴ

365 929 588 972 Adhibuit
617 943 688 972 me
717 929 773 972 ad
802 929 988 972 consilia
1017 932 1069 972 P.
1102 927 1324 989 La[ynes].
1358 931 1579 986 Suscepta
1607 931 1792 975 fuerunt
1814 919 1932 986 duo'l

278 1007 471 1063 collegia
489 1007 656 1050 Montis
683 1007 690 1063 Ι
720 1006 956 1050 Pessulani
975 1014 1020 1051 et
1032 1007 1260 1051 Perusiae.
1276 1008 1375 1063 Ego
1393 1013 1543 1051 tamen
1559 1008 1798 1050 censebam
1816 1023 1909 1054 non
1931 990 1934 1020 ²,

279 1099 378 1128 esse
401 1084 657 1140 recipienda
678 1084 869 1141 collegia
891 1085 962 1128 vel
984 1099 1054 1127 res
1072 1084 1304 1140 grauiores
1322 1085 1522 1140 agendas
1540 1091 1644 1128 ante
1669 1079 1929 1146 praepositi¹

281 1161 506 1217 generalis
552 1161 840 1205 creationem.
888 1163 1001 1204 Fere
1044 1177 1116 1205 me
1159 1161 1399 1204 suffocauit
1442 1164 1674 1204 catarrhus
1717 1163 1929 1216 quadarn*

282 1245 433 1291 nocte3
447 1253 586 1294 quum
604 1239 755 1282 subito
771 1238 1036 1282 occlusisset
1044 1238 1306 1290 anhelitum,
1318 1238 1436 1294 exilij
1456 1254 1481 1282 e
1498 1239 1634 1292 lecto,
1646 1246 1690 1282 et
1707 1233 1931 1283 deiectus?

282 1323 351 1358 est
373 1317 623 1358 catarrhus:
646 1315 710 1357 fui
727 1316 789 1358 ita
805 1315 1092 1368 conterritus,
1113 1322 1162 1358 vt
1178 1315 1370 1371 singulis
1387 1315 1597 1358 noctibus
1621 1315 1772 1370 aliquo
1795 1323 1922 1360 tem*

283 1408 391 1449 pore
420 1408 491 1436 me
518 1392 580 1436 ita
617 1392 735 1436 serio
771 1407 974 1449 pararem
1012 1393 1267 1436 concedens
1290 1392 1511 1443 cubitum,
1537 1399 1673 1447 atque
1697 1392 1735 1435 si
1757 1393 1914 1442 eadem

285 1476 421 1513 nocte
439 1484 586 1514 essem
612 1471 622 1491 ¹
648 1485 673 1513 e
696 1471 904 1513 catarrho
928 1470 1234 1517 suffocandus.

375 1547 450 1590 88
511 1548 661 1602 Quam
678 1546 997 1590 inchoaueram
1014 1546 1060 1587 in
1098 1545 1318 1601 Hispania
1334 1541 1663 1601 expositionem
1682 1545 1726 1587 in
1744 1545 1914 1588 consti-

288 1623 502 1675 tutiones,
527 1639 628 1667 sum
650 1623 820 1678 aliquot
841 1623 1001 1667 diebus
1024 1629 1306 1678 prosecutus.
1333 1621 1509 1666 Deinde
1531 1621 1674 1666 adieci
1697 1621 1916 1676 animum.

287 1708 332 1744 et
355 1715 536 1756 operam
552 1700 656 1744 dedi
673 1699 1043 1743 annotationibus
1058 1699 1103 1741 in
1121 1699 1485 1751 constitutiones,
1508 1714 1563 1743 ex
1580 1698 1745 1754 quibus
1763 1706 1920 1754 postea.
1941 1705 1944 1724 ‘

290 1778 465 1821 confeci
488 1777 673 1829 scholia,
699 1777 771 1820 vel
794 1778 850 1820 ad
866 1777 1154 1830 difficultates,
1174 1791 1286 1831 quas
1302 1783 1565 1819 notaueram
1583 1776 1917 1831 respondendo,

291 1856 364 1897 vel
392 1854 657 1910 excipiendo
688 1854 725 1897 si
755 1854 862 1910 quid
890 1854 1128 1897 videbatur
1158 1869 1256 1897 esse
1285 1854 1519 1896 commode
1542 1860 1823 1906 annotatum,
1849 1853 1945 1918 vel¹

295 1933 501 1975 addendo
523 1946 639 1987 quae
662 1933 975 1976 occurrebant.

383 2010 501 2051 Data
532 2016 601 2052 est
638 2008 746 2051 mihi
784 2008 1203 2064 superintendentia
1230 2009 1425 2064 collegij,
1459 2009 1579 2063 quod
1606 2008 1856 2052 habebatur
1878 2008 1924 2051 in

296 2086 370 2129 via
392 2086 466 2128 illa
487 2086 544 2128 ad
567 2085 815 2129 Mineruae.
838 2087 969 2128 Eram
989 2085 1170 2139 quidem
1186 2085 1232 2127 in
1250 2085 1458 2141 collegio,
1479 2086 1560 2129 sed
1576 2084 1700 2127 nolui
1711 2084 1925 2141 interpel*
1946 2072 1948 2077 Χ

297 2165 391 2207 lare
408 2163 625 2206 rationem
654 2163 660 2220 Ι
688 2162 1048 2219 gubernationis,
1064 2178 1167 2205 nam
1179 2162 1311 2206 simul
1326 2170 1371 2205 et
1388 2164 1440 2205 P.
1457 2163 1683 2205 Polancus
1699 2169 1744 2204 et
1763 2164 1814 2204 P.
1829 2164 1927 2206 Ma-
1948 2211 1949 2223 ἵ

300 2240 472 2283 dridius
494 2241 636 2283 multa
656 2241 876 2293 curabant
899 2247 944 2282 et
961 2241 1159 2295 agebant
1176 2239 1223 2281 in
1240 2239 1449 2295 collegio.
1950 2287 1951 2303 χ

391 2317 544 2361 Habui
566 2317 737 2372 aliquot
759 2316 1097 2359 exhortationes
1119 2317 1174 2359 de
1197 2316 1421 2369 instituto,
1448 2331 1585 2371 quum
1609 2316 1800 2372 primum
1824 2314 1926 2359 veni
1950 2374 1951 2377 Ἴ

301 2397 505 2446 Romam,
532 2409 647 2450 quae
669 2401 988 2438 successerunt
1010 2408 1034 2436 e
1058 2393 1295 2436 sententia.
1325 2395 1488 2437 Postea
1512 2393 1620 2436 alias
1637 2392 1791 2444 habui,
1813 2406 1929 2448 quae

308 2487 399 2515 non
422 2473 550 2516 adeo.
1952 2518 1954 2523 χ

393 2549 592 2593 Minatus
615 2549 762 2593 fuerat
785 2549 955 2592 Paulus
983 2549 1100 2592 velle
1122 2562 1169 2590 se
1198 2549 1252 2591 de
1276 2549 1412 2590 rebus
1441 2548 1605 2590 nostris
1634 2561 1929 2604 cognoscere,

305 2615 455 2669 omnia
496 2627 612 2670 velle
654 2640 709 2669 ex
751 2625 827 2668 illa
868 2626 1082 2668 cathedra
1124 2624 1382 2669 examinari:
1430 2632 1525 2669 erat
1561 2624 1696 2668 etiam
1739 2623 1934 2667 minatus
1953 2655 1956 2688 1

308 2705 361 2746 Ρ.
383 2702 574 2759 Ignatio:
600 2717 651 2745 «o
669 2702 787 2745 colui
805 2703 819 2722 ²
845 2720 861 2741 »
884 2708 970 2746 etc.
992 2701 1179 2744 Dixerat
1199 2703 1248 2744 P.
1272 2701 1497 2757 Ignatium
1518 2701 1750 2756 tyrannice
1767 2701 1931 2757 guber-
1954 2689 1955 2698 ἵ

383 2849 392 2867 ¹
446 2847 536 2890 Ms.,
551 2846 729 2881 noctibus
752 2857 844 2881 esse.

379 2904 394 2925 ‘
442 2905 555 2941 Prius
579 2905 767 2951 scriptum
791 2904 930 2940 fuerat:
952 2907 1039 2939 erat
1057 2906 1180 2939 etiam
1198 2905 1392 2939 minatus:
1413 2916 1472 2948 «o,
1487 2906 1631 2947 colui»‚·
1655 2903 1724 2938 sed
1748 2908 1790 2937 ut
1811 2902 1935 2937 decla-
1956 2898 1958 2927 ⁵

308 2970 413 3000 raret
429 2965 477 3000 de
496 2976 662 3012 quonam
681 2969 787 3000 esset
805 2975 947 3009 sermO,
964 2962 1046 3010 ipse
1065 2963 1203 3009 Nadal,
1218 2963 1318 2998 inter
1337 2965 1456 2999 verba
1470 2965 1651 2998 minatus
1667 2968 1706 2998 et
1721 2975 1780 3008 «o,
1794 2961 1935 3002 colui»,
1957 2967 1958 2986 ³

310 3024 460 3059 addidit
480 3025 527 3060 P.
549 3025 610 3071 Ig.
