1958 3210
811 181 895 224 1561
1623 182 1670 225 8r

41 284 151 334 aliis,
178 289 273 325 tum
293 294 350 323 ne
371 279 558 322 nimium
579 281 804 324 laboraret
821 280 867 322 in
885 295 1071 324 munere
1095 295 1192 323 suo:
1220 280 1348 324 illum
1366 296 1465 324 esse
1492 281 1669 325 infirma

44 357 298 403 valetudine
324 358 352 400 ¹.

131 477 250 520 160
553 490 602 519 IN
626 490 825 519 ITINERE
854 490 1151 520 COMPLUTUM

128 590 384 644 Antequam
422 589 785 631 Alburchercum
815 588 1032 641 venirem,
1060 588 1278 645 cogitatio
1307 602 1379 631 me
1402 589 1584 642 inuasit,
1609 591 1667 634 de

37 664 376 717 dificultatibus,
417 679 533 720 quae
555 672 708 709 essent
735 673 918 721 paratae
946 666 990 707 in
1029 666 1242 708 Castella.
1270 666 1569 721 Alburchercj
1595 682 1663 710 re-

39 742 130 799 peri
150 742 388 798 quemdam
419 744 615 793 Patrem,
648 756 783 796 quem
813 742 1021 786 mittebat
1050 743 1106 784 ad
1134 757 1207 785 me
1236 743 1289 784 P.
1324 743 1665 785 Bustamantius

36 834 116 875 pro
138 819 351 861 facultate
373 818 599 874 aperiendi
621 819 798 861 scholas
822 818 1014 874 Hispali,
1035 833 1169 874 quam
1187 832 1354 874 magna
1371 833 1474 861 cum
1492 819 1666 862 instan-

36 895 95 938 tia
110 895 382 951 postulabat:
408 894 470 937 ita
491 909 652 951 rogare
674 909 727 937 ac
748 895 863 938 velle
885 895 1192 950 inquisitores,
1218 895 1281 938 ita
1298 910 1392 939 rem
1416 895 1665 952 efflagitare

31 981 80 1016 et
101 980 292 1027 tempus:
318 987 406 1014 non
430 987 563 1028 posse
585 972 756 1028 negari.
788 971 795 1029 Ι
824 972 1041 1015 Concessi
1058 980 1108 1014 vt
1124 973 1180 1016 de
1199 987 1252 1016 ea
1269 986 1317 1014 re
1335 979 1508 1028 ageret:
1530 987 1663 1028 posse

32 1048 214 1104 quidem
236 1048 349 1101 fieri,
375 1049 455 1091 sed
477 1055 718 1104 antequam
742 1048 984 1105 negocium
1008 1049 1371 1100 concluderetur,
1396 1055 1446 1090 vt
1468 1063 1541 1091 me
1563 1064 1665 1092 rur-

31 1140 110 1168 sus
132 1125 312 1168 scribat.
339 1126 446 1168 Fuit
468 1125 710 1182 negocium
733 1132 890 1181 postea
912 1126 1170 1169 confectum
1193 1139 1219 1168 e
1241 1125 1481 1170 sententia.

121 1203 223 1244 Non
243 1202 379 1258 longe
401 1217 427 1245 a
451 1201 682 1245 Placentia
703 1201 795 1243 vidi
819 1217 875 1245 ex
892 1201 1085 1257 hospitio
1111 1203 1293 1246 fratrem
1312 1203 1506 1254 Tellum,
1527 1217 1661 1258 quem

34 1277 244 1322 miserant
275 1279 333 1321 ad
360 1294 432 1322 me
463 1282 509 1322 P.
546 1279 768 1322 Araozius
797 1286 842 1321 et
870 1278 1100 1321 Antonius
1123 1292 1225 1320 curn
1256 1278 1397 1322 literis
1426 1280 1458 1331 ²,
1495 1279 1660 1334 quibus

35 1355 138 1398 mihi
165 1357 536 1399 demonstrabant
563 1358 577 1377 ⁵
608 1363 789 1398 exortos
820 1355 1022 1398 turbines
1049 1355 1095 1397 in
1113 1356 1216 1398 aula
1238 1355 1375 1412 regis,
1401 1371 1492 1398 non
1514 1356 1659 1398 solum

28 1433 85 1475 de
101 1432 301 1476 discessu
322 1435 373 1475 P.
396 1433 639 1485 Francisci,
661 1434 741 1476 sed
758 1434 813 1476 de
830 1447 929 1475 mea
950 1431 1222 1475 visitatione.
1249 1432 1395 1476 Simul
1417 1432 1658 1475 mittebant

29 1508 149 1551 illum
172 1510 370 1562 fratrem,
397 1517 446 1551 vt
468 1507 778 1567 laboran[tem]
798 1510 900 1551 161
925 1509 971 1551 in
993 1508 1231 1551 vocatione
1254 1509 1326 1552 vel
1348 1509 1550 1552 iuuarem
1582 1510 1659 1552 vel

30 1584 316 1628 dimitterem.

114 1662 218 1705 Fuit
238 1663 375 1705 frater
398 1663 649 1714 restitutus,
671 1665 758 1706 X.0
785 1671 984 1715 auctore,
1012 1678 1152 1718 quum
1170 1663 1232 1705 illi
1250 1663 1418 1707 diserte
1441 1663 1654 1706 dixissem

30 1745 77 1780 vt
99 1739 340 1795 explicaret
382 1739 557 1795 siquam
594 1754 777 1783 causam
815 1740 1023 1784 idoneam
1057 1742 1260 1793 haberet,
1300 1747 1485 1796 propter
1522 1755 1657 1795 quam

28 1822 145 1858 esset
174 1816 484 1869 dimittendus;
524 1831 596 1859 me
634 1816 764 1860 facile
785 1817 911 1859 ilium
948 1816 1254 1868 dimissurum,
1290 1816 1327 1859 si
1350 1817 1468 1859 illam
1492 1816 1660 1860 intelli-

27 1906 148 1948 gam,
174 1899 260 1936 etc.

113 1971 248 2025 Quod
270 1971 327 2013 ad
344 1970 445 2023 alia,
466 1972 528 2026 fuj
549 1971 730 2026 quidem
749 1971 966 2023 solicitus,
988 1972 1069 2015 sed
1084 1971 1234 2014 animo
1252 1978 1417 2022 tamen,
1440 1972 1526 2013 X.0
1552 1984 1659 2025 pro*

24 2045 147 2101 pitio‚
172 2047 479 2099 confirmatus,
505 2047 780 2103 minimeque
807 2047 1065 2090 deterritus.

113 2125 254 2166 Paulo
282 2132 384 2180 post
411 2124 587 2181 repperi
616 2125 753 2167 alium
793 2126 975 2168 fratrem
1003 2125 1010 2183 Ι
1038 2125 1198 2181 ijsdem
1221 2125 1278 2168 de
1299 2125 1452 2176 rebus,
1493 2123 1658 2178 quibus

24 2198 132 2241 illud
148 2199 282 2244 etiam
305 2202 626 2244 consulebatur
654 2202 710 2244 ad
739 2203 886 2244 aulam
916 2202 1038 2258 regis
1065 2217 1123 2246 ne
1152 2201 1279 2253 irem,
1312 2202 1393 2244 sed
1423 2200 1657 2244 Placentia

27 2275 300 2321 discederem
337 2278 673 2321 Salmanticam.
715 2279 816 2321 Hoc
860 2278 1097 2321 consilium
1134 2278 1242 2320 mihi
1264 2292 1357 2321 non
1387 2277 1573 2333 placuit,
1606 2284 1657 2319 vt

27 2352 135 2395 irem
152 2354 488 2408 Salmanticam;
514 2355 683 2411 placuit
719 2371 778 2399 ne
806 2355 851 2397 in
890 2356 1053 2397 aulam:
1081 2356 1142 2397 ita
1164 2354 1302 2398 statui
1340 2361 1460 2398 recta
1500 2352 1657 2397 venire

28 2428 319 2485 Complutum
342 2431 373 2473 ⁴.

112 2506 227 2549 Veni
256 2508 549 2551 Placentiam:
591 2509 743 2552 statim
767 2509 968 2553 intellexi
989 2509 1142 2553 literas
1175 2523 1274 2551 esse
1298 2507 1447 2563 regias
1475 2508 1531 2549 ad
1562 2521 1652 2550 me.

108 2583 225 2627 Veni
255 2584 372 2627 vltro
395 2585 451 2628 ad
479 2592 747 2641 praetorem:
780 2585 1060 2642 interrogaui
1090 2585 1127 2627 si
1156 2585 1263 2640 quid
1285 2585 1474 2628 haberet
1501 2584 1657 2627 litera-

20 2672 119 2701 rum
140 2660 195 2702 ad
218 2675 305 2704 me:
331 2661 562 2717 respondit
583 2663 766 2706 habere.

96 2800 106 2819 ¹
158 2802 239 2837 Fol.
262 2811 329 2847 159
348 2815 389 2839 ν.
415 2815 582 2839 vacuum
598 2810 787 2840 remanet.

92 2859 106 2880 ²
154 2860 252 2906 Ms.,
280 2862 402 2896 litris.

95 2917 109 2935 ³
158 2918 247 2964 Ms.,
261 2920 573 2956 demostrabant.

91 2976 108 2996 ⁴
158 2976 415 3025 SACCHINUS,
434 2981 507 3015 loc.
527 2981 612 3025 eit.‚
638 2993 675 3016 n.
697 2980 760 3018 36.
