1958 3210
246 209 292 245 70
812 198 853 231 P.
885 197 1071 231 NATALIS
1098 197 1316 233 EPHEMER.

881 351 1077 391 AUILAE,
1106 353 1253 383 PRIMO

342 457 508 497 Parum
530 453 602 495 hic
624 452 823 506 substiti,
848 453 928 496 sed
944 452 1048 495 dedi
1066 452 1335 507 quibusdam
1353 451 1590 494 consilium
1608 452 1664 495 de
1682 466 1745 502 re,
1767 465 1883 506 quae

251 532 308 573 ad
339 530 627 586 inquisitores
654 529 890 582 attinebat;
922 530 1042 584 quod
1071 528 1308 571 consilium
1336 528 1536 572 intellexi
1564 535 1719 584 postea
1744 527 1884 571 fuisse

251 615 432 665 gratum
453 606 809 662 inquisitoribus.
837 605 925 649 Hic
948 605 1147 648 intellexi
1164 620 1296 648 Vsum
1321 604 1458 648 fuisse
1486 606 1647 649 ducem
1671 605 1884 647 albanum

252 699 387 740 opera
408 683 543 726 Vnius
565 699 590 727 e
612 683 791 727 nostris.

342 803 446 845 131
813 815 1164 852 SALMANTICAE,
1193 814 1340 844 PRIMO

342 918 439 959 Nec
462 915 533 958 hic
558 915 756 967 substiti,
782 915 861 958 sed
886 921 1008 957 recta
1027 916 1234 957 Portum.
1266 913 1272 970 Ι

834 1049 895 1077 ΑΙ)
920 1047 1131 1086 PORTUM,
1160 1047 1308 1076 PRIMO

345 1147 538 1203 Repperi
568 1149 619 1189 P.
654 1149 689 1190 F
694 1147 947 1190 ranciscum
978 1153 1024 1188 et
1055 1145 1434 1188 Bustamantium:
1467 1144 1540 1188 hic
1569 1145 1836 1188 discesserat
1865 1160 1893 1187 a

255 1240 337 1267 sua
360 1223 609 1280 prouincia,
632 1225 753 1279 quod
771 1238 909 1280 aegre
928 1223 1064 1267 ferret
1082 1237 1211 1265 suam
1234 1221 1458 1265 rationem
1486 1220 1771 1278 gubernandi
1800 1235 1893 1264 non

254 1301 433 1357 probari
469 1303 525 1344 ab
563 1301 789 1357 aliquibus
825 1299 1048 1357 primarijs
1087 1299 1316 1351 Patribus,
1357 1299 1479 1355 quod
1517 1306 1696 1355 saperet
1733 1313 1892 1341 mona-

257 1379 493 1421 chismum.
522 1380 574 1420 P.
603 1377 872 1421 Franciscus
893 1377 1019 1419 visus
1046 1384 1114 1421 est
1142 1377 1304 1420 affecta
1332 1390 1433 1420 esse
1460 1375 1735 1420 valetudine.
1769 1376 1896 1418 Con-

257 1456 403 1499 fessus
425 1463 494 1498 est
515 1454 803 1511 generaliter.
827 1454 913 1510 Egi
936 1468 1040 1497 cum
1064 1468 1117 1497 eo
1140 1454 1196 1496 de
1219 1441 1330 1505 suis,
1350 1454 1408 1497 de
1426 1452 1623 1507 Araosij,
1645 1460 1690 1496 et
1708 1452 1896 1508 prouin-

255 1532 425 1574 ciarum
456 1533 606 1574 rebus.
640 1531 706 1574 Ibi
744 1531 933 1587 concepi
964 1530 1360 1586 interrogationes,
1401 1529 1566 1585 quibus
1598 1536 1755 1585 postea
1786 1543 1898 1572 vsus

257 1624 357 1651 sum
380 1609 426 1651 in
449 1608 720 1653 visitatione.
746 1608 929 1664 Incoepi
951 1609 1119 1651 habere
1141 1607 1315 1662 aliquas
1336 1607 1450 1650 132
1472 1606 1826 1651 exhortationes.

348 1688 455 1729 Erat
477 1686 654 1729 initium
682 1686 862 1740 aliquod
900 1685 1077 1741 collegij
1117 1686 1216 1729 siue
1252 1686 1429 1727 domus:
1471 1691 1599 1729 erant
1635 1683 1897 1727 omniafere

255 1763 555 1816 incommoda,
588 1770 767 1819 praeter
794 1777 1034 1806 amoenum
1063 1764 1262 1814 hortum,
1294 1763 1374 1805 sed
1402 1761 1479 1816 qui
1508 1767 1630 1805 esset
1659 1760 1707 1803 in
1729 1774 1896 1817 magna

256 1840 421 1883 montis
443 1839 719 1883 decliuitate.
748 1839 1015 1882 Examinaui
1053 1839 1251 1894 quidem,
1293 1840 1372 1882 sed
1401 1853 1493 1882 non
1522 1838 1677 1882 audiui
1707 1838 1897 1881 aliorum

256 1916 565 1960 confessiones
584 1924 709 1969 tunc,
735 1918 815 1960 sed
838 1916 1031 1960 rediens.
1060 1916 1251 1972 Egimus
1273 1917 1329 1959 de
1353 1916 1635 1971 profectione
1667 1917 1719 1958 P.
1754 1916 1790 1957 F
1793 1929 1897 1957 ran—

258 1993 381 2045 cisci,
408 1995 487 2036 sed
511 2008 601 2036 non
626 1993 929 2037 definiuimus.
960 1993 1095 2036 Volui
1117 1993 1300 2035 visitare
1326 1995 1624 2035 Braccharam
1648 1999 1693 2035 et
1721 1995 1902 2035 Monte—

262 2070 441 2126 regium
469 2072 496 2112 ¹.

351 2226 465 2268 133
832 2240 1164 2277 BRAccHARAE,
1204 2240 1352 2269 pmmo

349 2382 488 2437 Venjt
511 2396 689 2424 mecum
714 2381 1072 2424 Bustamantius.
1095 2381 1183 2424 Hic
1207 2388 1304 2424 erat
1322 2388 1471 2423 rector
1491 2382 1543 2422 P.
1565 2381 1654 2422 don
1674 2379 1896 2436 Ignatius.

263 2461 403 2501 Erant
439 2458 485 2500 in
523 2458 716 2514 collegio
754 2457 1011 2510 cardinalis,
1044 2458 1119 2500 vbi
1157 2459 1375 2500 docuerat
1398 2458 1668 2509 Clenardus,
1705 2463 1901 2512 anguste

259 2535 458 2591 quidem,
485 2543 530 2580 et
553 2535 764 2587 tenuiter,
791 2534 876 2578 nisi
900 2536 1022 2592 quod
1045 2543 1141 2579 erat
1164 2536 1380 2577 sacellum
1404 2542 1474 2577 sat
1499 2535 1802 2577 commodum.
1836 2533 1901 2575 Ibi

262 2612 439 2668 incoepi
463 2612 681 2669 colligere
703 2627 759 2655 ex
781 2612 947 2665 dubiis,
969 2626 1085 2667 quae
1109 2626 1371 2667 acceperam
1395 2613 1452 2654 ab
1470 2611 1682 2662 Araozio,
1716 2617 1824 2663 etc.;
1852 2625 1903 2653 ea

262 2688 493 2745 colligere,
534 2689 700 2745 quibus
728 2697 887 2745 postea
925 2689 1259 2744 responderem.
1292 2688 1447 2731 Habui
1484 2687 1825 2731 exhortationes
1860 2693 1907 2729 et

264 2766 487 2818 examina,
515 2766 669 2808 audiui
693 2765 1016 2809 confessiones.
1045 2765 1236 2820 Reliqua
1265 2765 1271 2823 Ι
1299 2765 1342 2806 in
1368 2765 1562 2808 reditum
1586 2764 1741 2807 distuli
1763 2764 1795 2806 ².

337 2952 345 2970 ¹
400 2949 660 2994 SACCHINUS,
680 2951 755 2984 loc.
783 2950 867 2994 cit.,
888 2962 953 2984 nn.
979 2959 1034 2994 10,
1058 2958 1117 2985 11.
1144 2951 1225 2985 Fol.
1252 2949 1315 2985 132
1333 2963 1372 2985 v.
1399 2962 1537 2996 purum
1558 2953 1754 2984 remanet.

326 3012 355 3030 ‘²
409 3009 668 3054 SAccfflsz,
690 3010 765 3044 loc.
792 3010 883 3052 cit,
904 3022 944 3044 n.
974 3018 1030 3046 12.
