1958 3210
808 153 897 198 1556
1618 165 1666 198 49

39 266 139 303 rent
160 258 215 300 de
236 271 336 320 mea
361 255 655 323 profectione.
689 255 857 297 Habito
887 262 1132 305 conuentu,
1166 269 1244 310 per
1273 255 1349 298 84
1391 257 1664 317 Bustaman-

0 349 8 382 5
41 336 150 378 tium
188 332 503 376 renuntiarunt
537 347 584 374 se
622 332 666 373 in
696 345 748 374 ea
777 345 875 374 esse
913 331 1152 382 sententia,
1185 338 1234 372 vt
1262 346 1349 387 ego
1381 314 1568 374 Romam
1606 347 1664 375 ne

0 398 7 443 3-
41 413 163 462 irem,
189 410 267 453 sed
289 423 431 463 vsque
453 408 509 450 ad
533 415 709 463 tempus
733 421 851 461 cono
856 422 935 462 reo
939 406 1099 449 ationis
1117 408 1375 451 haererem
1364 423 1409 449 in
1429 407 1664 463 prouincia

0 495 5 530 ⁸.
42 485 309 542 Aragoniae.
329 484 569 540 Displicuit
587 484 693 526 mihi
712 484 785 527 illa
802 484 980 525 illorum
1000 486 1185 525 Patrum
1203 484 1430 535 voluntas,
1449 491 1494 526 et
1511 484 1663 527 nescio

0 585 7 607 .·
35 563 145 619 quid
166 561 421 616 suspicatus
441 557 559 613 sum,
585 575 774 616 syncere
802 574 895 602 rem
924 575 1013 602 non
1043 566 1251 604 tractare:
1283 561 1485 616 cogitaui
1507 568 1660 616 postea

0 626 3 681 ³·
32 634 215 683 'fortasis'
252 637 388 693 ipsos:
409 636 495 679 iam
519 644 627 679 tunc
656 644 883 692 spectasse
916 644 965 678 vt
994 637 1163 680 Romae
1200 652 1290 679 non
1319 638 1446 680 fieret
1483 637 1658 689 electio,

0 705 3 757 i
32 715 155 771 quod
176 713 381 769 sequenti
404 726 522 756 anno
545 713 676 757 enixe
693 714 1042 757 contenderunt.
1063 714 1217 767 Itaque
1235 713 1345 755 nihil
1362 713 1657 766 dissimulaui,

0 805 3 834 ἱ
33 800 80 835 et
100 792 229 848 plane
251 790 501 846 improbaui
524 790 700 832 illorum
725 790 1009 841 sententiam,
1044 798 1089 834 et
1106 804 1196 832 non
1224 789 1326 832 silui
1348 790 1656 842 offensionem,

0 884 2 905 1
34 883 164 924 quam
186 868 290 911 inde
312 880 623 922 conceperam,
650 874 694 910 et
717 865 807 908 dixi
831 881 884 909 eo
906 866 978 909 die
1005 881 1077 910 me
1099 867 1214 910 velle
1241 866 1247 923 Ι
1276 866 1512 922 proficisci,
1539 868 1659 921 quod

33 952 78 988 et
99 944 198 996 feci,
220 959 323 986 nam
345 958 399 986 eo
422 943 494 987 die
515 942 620 987 veni
644 945 979 986 Torcrematam
1008 944 1035 985 ¹.

119 1020 388 1065 Succensuit
409 1019 518 1062 mihi
550 1022 602 1062 Ρ.
634 1019 902 1062 Franciscus
931 1026 976 1061 et
1005 1019 1075 1075 alij
1108 1035 1263 1064 omnes
1294 1027 1475 1075 propter
1512 1034 1656 1063 meam

30 1098 296 1150 libertatem3
342 1111 429 1152 ego
471 1111 579 1140 vero
623 1103 798 1138 tantum
842 1095 986 1138 abfuit
1027 1103 1076 1137 vt
1118 1096 1385 1147 modestius,
1432 1104 1480 1138 vt
1521 1096 1655 1139 etiam

34 1177 82 1218 P.
109 1176 143 1217 F
147 1173 365 1225 rancisco,
398 1172 475 1228 qui
506 1173 742 1215 videbatur
764 1187 942 1228 vrgere,
974 1172 1160 1215 dixerim
1190 1188 1262 1216 me
1283 1172 1407 1214 illum
1437 1172 1651 1225 reuereri,

30 1265 118 1293 non
142 1249 217 1305 qui
241 1249 392 1301 fuerit,
418 1247 527 1308 [sed]
551 1249 626 1304 qui
649 1255 785 1301 esset,
811 1256 895 1292 etc.

86 1329 238 1383 Quum
274 1328 567 1369 vehementer
601 1333 847 1370 metuerem
880 1340 937 1368 ne
966 1327 1131 1369 malum
1162 1341 1329 1382 equum
1357 1327 1569 1370 haberem
1608 1327 1653 1368 in

25 1404 199 1456 itinere,
226 1410 271 1446 et
307 1405 489 1447 offerret
515 1403 624 1445 mihi
662 1406 724 1446 M.
758 1402 1008 1446 Montesiae
1041 1403 1277 1459 egregium
1308 1418 1491 1458 equum,
1526 1403 1651 1445 illum

26 1477 176 1537 accepi
204 1495 295 1523 non
332 1479 441 1523 satis
468 1480 764 1533 considerate,
797 1487 840 1522 et
869 1495 941 1523 me
970 1494 1077 1522 sane
1106 1479 1342 1535 poenituit,
1378 1480 1553 1522 tametsi
1581 1480 1653 1523 85

24 1557 155 1602 Senis
193 1557 316 1599 illum
345 1557 542 1600 dederim
573 1558 636 1614 (vt
664 1557 877 1612 dixeram)
908 1557 1260 1600 commendatori
1288 1557 1540 1608 cathalano,
1574 1556 1650 1611 qui

25 1634 186 1677 missus
209 1649 235 1676 a
256 1633 473 1689 magistro
497 1634 684 1689 gerebat
708 1634 804 1677 eius
834 1633 1040 1689 negocia.
1073 1635 1387 1677 Torcrematae
1417 1633 1569 1686 febris,
1606 1640 1652 1675 et

24 1710 231 1767 pediculi,
258 1718 303 1755 et
324 1726 406 1766 pro
435 1710 642 1766 singulis,
668 1718 755 1753 etc.
789 1710 1012 1753 Postridie
1040 1710 1229 1753 auaritia
1257 1710 1303 1751 in
1332 1711 1520 1753 emenda
1548 1724 1649 1765 per—

19 1787 137 1840 -dice,
169 1794 255 1830 etc.
289 1787 456 1843 Burgis
484 1787 772 1830 discessimus
802 1790 854 1830 P.
890 1787 1108 1839 Victoria,
1139 1788 1328 1830 Iacobus
1361 1787 1458 1830 eius
1497 1788 1647 1838 frater,

23 1865 251 1908 Gerardus
274 1864 440 1916 socius,
461 1872 506 1907 et
529 1878 632 1920 ego,
658 1864 873 1920 postridie
895 1864 988 1906 diui
1006 1863 1249 1907 Michaelis.
1270 1865 1320 1906 In
1337 1864 1498 1907 itinere
1515 1878 1647 1906 casus

18 1940 124 1997 equi
147 1943 199 1984 P.
227 1941 454 1985 Victoriae
476 1942 717 1983 admodum
740 1940 1036 1996 periculosus,
1061 1947 1110 1982 vt
1132 1941 1285 1983 darem
1314 1955 1403 1997 ego
1432 1940 1648 1983 miraculo

16 2017 139 2073 *quod
161 2017 272 2060 nihil
294 2024 413 2061 esset
435 2019 599 2060 laesus.
620 2020 774 2061 Meum
792 2017 1040 2073 periculum
1069 2016 1075 2074 Ι
1103 2016 1149 2059 in
1166 2016 1395 2060 montibus
1418 2016 1647 2060 ienuensi-

19 2092 957 2149 bus,dunitransuenisaxuniquoddann
984 2101 1070 2138 eux

109 2171 368 2225 Antequam
407 2170 742 2214 discederemus
777 2185 832 2213 ex
869 2170 1104 2225 Hispania.
1136 2172 1186 2212 In
1223 2170 1398 2223 itinere,
1432 2170 1520 2222 hic,
1553 2169 1643 2221 hic,

15 2253 126 2299 «etc.,
153 2254 198 2291 et
212 2247 517 2309 'salutauimus
540 2248 721 2291 fratrem
744 2249 801 2290 D.
829 2247 998 2302 Olauij,
1031 2254 1118 2291 etc.
1151 2249 1201 2289 In
1225 2247 1415 2290 transitu
1437 2246 1580 2302 fluuij,
1606 2246 1648 2288 ei

21 2311 210 2382 porte[?],
231 2330 317 2367 etc.
339 2324 610 2380 Recepimus
627 2323 779 2367 literas
797 2339 821 2366 a
846 2326 898 2366 P.
926 2325 1144 2377 Polanco,
1165 2339 1222 2368 ex
1239 2323 1567 2375 commissione,
1595 2328 1646 2364 vt

18 2399 209 2456 collegia
231 2399 490 2453 inuiserem,
516 2400 650 2444 etiam
673 2414 789 2455 quae
818 2415 910 2443 non
931 2407 1060 2444 erant
1088 2400 1133 2443 in
1163 2407 1286 2443 recto
1317 2399 1493 2451 itinere,
1525 2399 1648 2454 quod

14 2476 257 2519 admodum
293 2477 377 2519 fuit
413 2477 702 2530 laboriosum,
744 2484 789 2521 et
828 2480 879 2520 P.
907 2479 1087 2533 Laynez
1125 2476 1252 2529 dixit,
1294 2484 1380 2520 etc.
1423 2475 1644 2520 Venimus

18 2553 205 2595 Romam
236 2566 286 2596 10
308 2553 550 2597 Decembri
574 2553 625 2610 [s]
652 2555 684 2596 ².

85 2771 93 2790 ¹
143 2770 456 2816 TORQUEMADA,
487 2772 627 2807 villa...
660 2784 708 2807 en
731 2769 779 2806 'la
803 2784 916 2818 prov.
948 2785 974 2819 y
998 2772 1165 2808 diocesis
1190 2772 1238 2807 de
1263 2771 1446 2807 Palencia
1466 2770 1503 2814 (3
1531 2771 1643 2816 leg.),

13 2833 109 2872 part.
126 2827 213 2874 jud.
236 2829 285 2864 de
317 2830 513 2866 Astudillo
527 2829 594 2877 (3),
613 2831 705 2866 aud.
739 2836 834 2867 terr.
865 2844 890 2878 y
909 2843 943 2866 c.
968 2843 1007 2877 g.
1035 2832 1083 2867 de
1109 2830 1327 2866 Valladolid
1356 2832 1452 2874 (ΙΙ).
1475 2830 1644 2872 MADOZ,

11 2885 197 2922 Diccion.
209 2900 351 2936 geogr.

84 2948 98 2966 “-’
148 2947 230 2984 Fol.
251 2947 296 2982 86
315 2952 439 2983 totum
458 2960 624 2984 vacuum
643 2949 821 2984 relictum
840 2949 926 2985 fuit.
