1958 3210
854 168 941 204 1555
1669 160 1715 196 33

83 262 353 306 domesticis:
374 262 627 317 appellabat
644 262 701 303 ad
719 275 977 316 carpensem
1009 263 1015 281 ¹
1042 268 1361 316 protectorem:
1383 269 1479 305 erat
1495 261 1710 317 suspicio,

82 340 201 394 quod
223 339 507 394 impetrasset
530 338 669 381 breue
697 337 1010 393 exemptionis,
1038 345 1083 380 et
1106 337 1294 394 (opinor)
1324 337 1463 381 fuisse
1485 340 1571 381 hoc
1593 353 1714 381 com-

84 424 274 473 pertum.
308 415 511 458 Tandem
540 429 593 458 eo
623 422 826 465 ventum,
866 423 913 456 vt
948 415 1119 469 petenti
1156 415 1292 458 fuerit
1329 429 1545 458 concessa
1583 430 1714 471 pere-

84 492 277 550 grinatio
294 491 706 546 hierosolymitana.
734 493 798 533 Eo
817 499 967 534 tamen
985 506 1076 533 non
1095 491 1348 547 nauigauit,
1369 492 1465 543 sed,
1493 493 1714 547 probante

84 573 135 613 P.
169 568 360 625 Ignafio,
392 567 537 611 haesit
569 568 762 623 primum
792 569 832 611 V
836 568 1012 622 enetijs,
1045 567 1150 610 dein
1183 568 1377 622 Patauij,
1411 569 1592 612 demum
1624 571 1713 611 Ba-

82 646 177 689 sani
200 647 246 688 in
268 659 450 689 secessu
475 647 528 688 P.
561 646 768 700 Gasparj.

168 725 275 773 Erat
297 724 477 765 futurus
499 729 755 765 conuentus
777 721 948 777 imperij
974 722 1231 777 Augustae:
1258 723 1315 763 ad
1342 721 1468 763 illum
1497 722 1713 778 designa-

83 801 146 843 uit
175 801 257 843 4⁴
286 799 424 842 Iulius
461 800 663 855 legatum
704 800 963 841 Moronum:
998 797 1071 840 hic
1108 798 1235 853 petijt
1264 799 1378 841 duos
1418 800 1658 855 theologos
1688 815 1712 843 a

82 881 132 921 Ρ.
159 877 350 934 Ignatio,
372 876 418 919 id
445 876 579 920 etiam
617 876 798 919 volente
836 875 963 917 Iulio.
996 875 1276 931 Designatus
1306 875 1392 917 fuit
1431 877 1482 918 P.
1512 877 1707 931 Laynes:

81 966 172 998 2‚us
215 954 410 1011 (opinor)
455 953 540 996 fuit
583 954 764 995 futurus
808 954 860 995 Ρ.
907 953 1163 1006 Salmeron,
1209 952 1295 995 nisi
1337 953 1508 995 veritus
1552 953 1710 997 fuisset

82 1035 133 1075 P.
153 1031 357 1088 Ignatius
374 1032 602 1074 offendere
620 1030 818 1073 animum
837 1030 1030 1083 Moroni,
1051 1030 1128 1085 qui
1146 1045 1202 1074 ex
1219 1031 1354 1074 rebus
1377 1030 1711 1074 mutinensibus

80 1108 330 1165 praeteritis
359 1108 628 1151 credebatur
655 1106 851 1150 libertati
880 1107 1155 1150 Salmeronis
1183 1107 1402 1150 infensus:
1444 1107 1710 1163 designatus

82 1201 179 1229 sum
209 1200 312 1242 ego.

168 1265 427 1318 Antequam
451 1264 593 1305 Roma
609 1262 902 1314 discederem,
924 1262 1041 1304 serio
1060 1262 1238 1318 egimus
1257 1269 1301 1306 et
1317 1261 1597 1306 confecimus
1617 1263 1709 1305 fere

80 1341 198 1396 apud
215 1339 377 1383 Iulium
393 1347 443 1382 vt
461 1339 676 1384 Societati
694 1340 964 1382 concederet
982 1338 1253 1398 [facultates]
1271 1341 1487 1393 quasdam
1506 1339 1709 1395 insignes

79 1425 123 1461 et
152 1417 282 1460 vtiles
309 1418 456 1461 valde:
489 1424 776 1460 concesserat
804 1416 892 1458 iam
924 1419 1097 1459 Puteus
1126 1415 1381 1459 cardinalis:
1414 1416 1534 1459 aliud
1563 1416 1569 1473 Ι
1598 1416 1711 1458 nihil

77 1495 416 1539 desiderabatur
443 1508 579 1549 quam
601 1501 650 1535 vt
682 1496 855 1537 Puteus
883 1494 1072 1537 referret
1100 1494 1158 1535 ad
1186 1492 1364 1535 Iulium:
1391 1508 1483 1535 non
1509 1493 1709 1536 solicita-⁴

80 1579 184 1614 runt
214 1574 407 1614 Puteum
437 1578 487 1613 vt
516 1572 703 1614 referret
742 1578 984 1626 antequam
1013 1570 1058 1611 in
1087 1570 1295 1612 morbum
1327 1584 1430 1612 eum
1453 1569 1627 1624 incidit,
1654 1586 1708 1614 ex

79 1664 168 1705 quo
199 1655 419 1691 mortuus:
461 1647 678 1690 iudicauit
716 1647 912 1690 alienum
951 1661 1049 1691 esse
1089 1653 1267 1701 tempus
1296 1646 1386 1698 ille,
1413 1662 1498 1691 nec
1538 1646 1706 1699 retulit3

78 1726 228 1781 itaque
251 1725 348 1768 illas
372 1725 608 1767 facultates
631 1739 863 1779 nunquam
887 1722 1245 1779 impetrauimus:
1277 1731 1401 1766 extat
1424 1725 1571 1766 adhuc
1600 1740 1709 1780 sup-

79 1802 258 1859 plicatio
295 1801 429 1845 domi.
472 1802 586 1844 Illud
624 1801 758 1845 etiam
798 1804 883 1843 hoc
920 1808 1120 1857 tempore
1157 1800 1336 1854 accidit,
1379 1800 1564 1857 (opinor)
1604 1809 1709 1845 ante

77 1880 358 1931 electionem,
391 1880 447 1923 de
476 1894 565 1934 qua
596 1878 687 1921 dixi
716 1878 939 1934 superius.
973 1877 1129 1921 Voluit
1155 1880 1204 1920 P.
1238 1877 1443 1931 Ignatius
1481 1878 1710 1934 inquirere

78 1958 133 2000 de
168 1972 268 2000 mea
303 1956 634 2013 gubernatione
672 1955 900 2007 siciliensi,
942 1964 987 2000 et
1024 1956 1081 1999 de
1119 1971 1172 1999 ea
1203 1970 1252 1998 re
1289 1955 1554 1998 nominatim
1588 1957 1709 2010 quod

75 2034 260 2076 nimium
283 2049 428 2078 essem
452 2048 668 2089 praeceps
691 2042 735 2076 et
757 2033 982 2076 violentus
1005 2047 1058 2075 ac
1087 2032 1388 2088 importunus:
1415 2032 1576 2075 indixit
1598 2047 1709 2075 con-

77 2111 391 2167 gregationem
427 2124 485 2163 40
522 2111 824 2154 sacerdotum:
859 2109 1021 2153 acriter
1052 2109 1166 2152 dixit
1190 2111 1246 2152 de
1273 2124 1344 2152 me
1372 2112 1423 2152 P.
1452 2111 1706 2153 Cor45ne-

75 2188 178 2240 lius,
218 2196 305 2233 etc.
348 2190 447 2245 Ego
476 2188 557 2240 fui,
589 2202 729 2243 quum
759 2187 971 2239 dicerem,
1010 2194 1326 2243 compunctus;
1365 2194 1410 2229 et
1438 2188 1569 2243 plane
1607 2201 1708 2230 sum

76 2267 310 2309 confessus
332 2280 477 2309 meam
500 2265 777 2321 deploratam
799 2264 1121 2309 infirmitatem.

164 2343 268 2386 Dixi
294 2345 344 2386 P.
377 2342 553 2399 Ignatio
586 2343 643 2386 de
672 2349 777 2384 voto
815 2342 949 2392 illius,
991 2342 1064 2384 cui
1093 2357 1193 2385 sum
1223 2343 1403 2385 locutus
1430 2341 1476 2383 in
1515 2340 1709 2384 transitu

77 2421 409 2472 cum'Tablare,
436 2427 481 2464 et
509 2426 836 2462 commutatum
865 2419 911 2461 in
940 2418 1180 2463 Societatis
1202 2420 1286 2461 sub
1317 2419 1479 2462 niceno
1508 2418 1704 2462 nomine:

77 2496 262 2540 missum
284 2505 354 2540 est
376 2499 531 2549 breue,
557 2505 645 2540 etc.
1580 2548 1587 2553 .

163 2574 350 2617 Dixerat
372 2574 480 2616 mihi
506 2577 557 2617 P.
584 2573 789 2630 Ignatius
813 2572 898 2615 tria
920 2588 967 2616 se
995 2573 1275 2617 desiderasse
1298 2588 1325 2615 a
1346 2574 1445 2616 Deo
1467 2571 1702 2627 consequi:

75 2650 314 2694 Societatis
351 2651 756 2702 confirmationem,
798 2649 1041 2694 editionem
1079 2650 1471 2701 constitutionum,
1503 2656 1549 2692 et
1575 2662 1706 2692 exer—

74 2726 282 2770 citiorum
319 2727 707 2784 approbationem.
741 2728 870 2771 Haec
899 2741 1039 2782 quum
1070 2741 1158 2783 ego
1188 2726 1507 2777 meminissem,
1541 2734 1586 2770 et
1614 2725 1707 2768 dixi

75 2802 198 2859 [ssetz
220 2804 252 2863 ?]
273 2804 345 2846 «in
366 2804 525 2860 spiritu
549 2805 684 2846 modo
706 2818 827 2848 eram
850 2817 938 2859 ego
961 2803 1137 2857 altior»,
1168 2803 1174 2861 Ι
1203 2818 1481 2860 sumpseram
1504 2802 1708 2847 occasio—

150 2972 158 2989 ¹
210 2969 383 3015 Scilicet,
403 2971 451 3005 ad
467 2971 701 3006 cardinalem
720 2971 768 3006 de
788 2971 918 3018 Carpi,
939 2971 1146 3007 Societatis
1166 2976 1439 3018 protectorem.
