1958 3210
785 144 1009 179 APPENDIX
1641 149 1713 194 667

872 317 909 359 L

522 392 959 460 STANISLAUS
999 415 1252 453 Hostus

660 504 865 540 cardinalis
886 504 1116 539 varmiensis

399 609 599 639 PATRI
654 609 899 648 JoANNI
955 609 1032 638 DE
1066 609 1374 640 POLANco

501 684 818 739 Heilsbergae,
860 694 912 737 25
954 683 1060 739 Maji
1104 686 1211 739 1565
1256 687 1282 727 ¹.

64 772 244 808 Comztia
268 773 387 820 regni
410 773 608 806 absoluta:
635 773 762 806 redwc
791 772 833 806 in
850 783 967 806 suam
986 772 1162 807 ecclesia
1152 785 1204 815 ΜΗ
1226 774 1360 819 quieta
1379 776 1516 809 onznia
1536 788 1558 809 7
1560 777 1705 822 eperzf:

607 818 949 854 Commendonmn
969 822 1162 865 expectat

156 899 267 942 Rde.
302 900 436 941 Pater
467 904 511 939 et
541 896 737 939 Domine
768 896 812 937 in
844 895 1025 938 Christo
1054 897 1315 940 charissime
1347 905 1391 940 et
1420 900 1697 943 honorande.

60 956 289 1012 Ouamuis
312 957 458 999 nullas
481 972 506 998 a
531 958 582 999 P.
610 957 666 999 V.
693 955 865 1010 pridem
889 955 1042 1011 accepi
1064 955 1236 1007 literas,
1265 967 1419 1000 tenere
1448 972 1519 1000 me
1553 966 1702 1002 tamen

64 1031 158 1059 non
188 1015 336 1072 potui,
370 1016 478 1070 quin
507 1016 564 1059 de
592 1021 713 1057 statu
742 1028 891 1057 rerum
921 1014 994 1056 hic
1024 1022 1281 1057 nostrarum
1312 1016 1431 1058 illam
1462 1017 1699 1061 certiorem

64 1076 313 1118 redderem.
341 1076 544 1118 Tandem
574 1081 755 1130 peracta
787 1080 893 1115 sunt
922 1074 1051 1129 regni
1081 1074 1283 1126 comitia;
1312 1076 1391 1118 sed
1420 1090 1575 1119 eorum
1609 1091 1699 1134 ego

63 1135 199 1178 finem
228 1135 559 1190 expectandum
590 1148 689 1176 esse
719 1132 827 1174 mihi
857 1147 947 1174 non
978 1133 1156 1188 putaui,
1192 1148 1347 1176 verum
1378 1136 1433 1176 ad
1463 1136 1698 1180 ecclesiam

62 1208 208 1237 meam
231 1193 444 1237 contendi
467 1192 645 1249 magnis
669 1191 921 1243 itineribus
949 1199 996 1233 vt
1028 1206 1081 1234 eo
1110 1192 1265 1236 venire
1294 1208 1474 1259 possem
1497 1196 1553 1237 ad
1576 1197 1698 1238 chri-

61 1268 157 1296 sma
178 1252 526 1304 conficiendum,
552 1259 598 1294 et
619 1251 723 1294 veni
741 1250 883 1306 pridie
901 1250 997 1293 eius
1015 1251 1117 1294 diei.
1139 1253 1237 1294 Deo
1255 1252 1423 1308 gratias
1441 1268 1545 1309 ago,
1566 1255 1697 1298 cuius

59 1314 146 1355 hoc
169 1320 238 1356 est
254 1313 546 1355 beneficium.
575 1310 742 1365 Quieta
765 1309 873 1352 satis
896 1309 1045 1352 omnia
1068 1311 1228 1366 reperi.
1256 1311 1571 1366 Qui-reuocati
1596 1315 1695 1356 fue-

3 1417 6 1421 ·
60 1379 160 1414 rant
190 1371 234 1414 in
263 1371 398 1424 viam,
430 1385 521 1413 non
550 1371 695 1413 solum
725 1383 819 1411 non
848 1377 954 1411 sunt
983 1370 1039 1411 ad
1069 1369 1287 1412 vomitum
1320 1371 1506 1423 reuersi,
1537 1387 1694 1416 verum

57 1431 194 1475 etiam
218 1430 328 1473 alios
351 1431 610 1473 aberrantes
634 1430 689 1471 ad
713 1429 902 1471 eandem
927 1428 1043 1470 viam
1067 1430 1283 1473 reducere
1308 1439 1542 1473 conantur.
1564 1433 1693 1475 Vnus

0 1513 4 1518 ·
29 1538 34 1542 ,
58 1498 211 1533 autem
235 1490 348 1532 ciuis
370 1504 425 1532 ex
442 1487 827 1544 locupletioribus,
850 1501 952 1529 cum
973 1488 1130 1530 fuisset
1149 1503 1173 1530 a
1191 1503 1262 1531 me
1279 1489 1558 1545 proscriptus
1576 1506 1694 1535 anno

15 1604 18 1607 .
59 1549 263 1605 proxime
295 1548 540 1605 superiore,
574 1549 761 1590 fratrum
791 1554 969 1590 vestrae
999 1547 1237 1591 Societatis
1267 1563 1421 1603 opera,
1453 1550 1695 1606 praecipue

57 1624 165 1652 vero
188 1608 395 1664 Magistri
419 1607 542 1650 Petri
565 1608 597 1659 ⁶²,
624 1606 700 1662 qui
724 1606 1075 1662 praedicatorem
1099 1606 1209 1662 agit,
1236 1614 1284 1648 vt
1306 1608 1347 1650 ei
1371 1608 1515 1650 redire
1539 1609 1695 1653 liceret

57 1669 102 1711 in
126 1669 372 1719 ciuitatem,
400 1666 672 1722 impetrauit;
699 1666 778 1709 sed
802 1665 939 1707 nihilo
963 1665 1122 1708 melior
1145 1667 1291 1708 factus
1314 1675 1396 1709 est.
1433 1669 1467 1709 F
1471 1667 1693 1711 ideiusso-

57 1743 149 1771 rem
172 1728 348 1783 appello
371 1730 428 1770 M.
456 1728 659 1777 Petrum,
686 1725 815 1767 cuius
844 1724 1080 1779 praecibus
1110 1726 1350 1779 adductus,
1383 1726 1444 1768 illi
1473 1728 1692 1770 redeundi

57 1788 316 1836 facultatem
339 1785 556 1829 concessi.
584 1787 734 1841 Negat
757 1784 794 1826 is
817 1785 964 1826 adhuc
987 1799 1034 1827 se
1057 1785 1311 1840 desperare3
1346 1786 1423 1828 sed
1454 1800 1541 1842 ego
1566 1802 1689 1843 spem

54 1848 201 1891 habeo
224 1845 533 1902 perexiguam.

144 1906 272 1949 Illmi.
305 1905 490 1948 Domini
519 1902 847 1947 Commendoni
877 1904 890 1923 ⁵
921 1903 1167 1946 aduentum
1197 1904 1253 1944 ad
1286 1918 1357 1947 me
1391 1912 1597 1959 expecto,
1636 1908 1690 1949 de

53 1966 184 2008 cuius
207 1964 394 2008 consilio
417 1970 613 2007 statuam
636 1963 757 2017 quod
780 1961 852 2004 ille
875 1961 1020 2017 magis
1043 1962 1254 2017 expedire
1277 1962 1561 2006 iudicauerit.

142 2025 307 2069 Schola
328 2023 437 2066 satis
460 2024 671 2077 frequens
694 2035 815 2063 nunc
838 2028 923 2073 est,
956 2028 1000 2064 et
1028 2021 1106 2063 fiet
1135 2020 1177 2062 in
1210 2021 1305 2064 dies
1334 2022 1475 2065 maior
1505 2024 1560 2065 ad
1591 2038 1687 2066 eam

53 2098 316 2127 concursus.
344 2085 468 2127 Bene
489 2083 652 2132 valeat,
679 2095 731 2123 ac
754 2082 899 2123 Deum
924 2095 1004 2135 pro
1033 2079 1165 2122 nobis
1194 2080 1436 2136 diligenter
1457 2091 1683 2137 precetur,

53 2159 156 2186 nam
179 2150 301 2187 certe
323 2157 411 2184 non
437 2156 490 2184 eo
512 2142 611 2183 loco
634 2147 740 2183 sunt
763 2154 850 2191 res,
877 2154 966 2195 quo
996 2140 1229 2182 vellemus.
1258 2142 1425 2183 Datum
1456 2156 1511 2183 ex
1537 2150 1685 2185 castro

51 2210 206 2245 nostro
230 2202 491 2257 Heilsberg,
517 2200 590 2243 die
613 2214 707 2243 xxv
733 2199 855 2254 Maij,
882 2213 1000 2241 anno
1023 2198 1205 2241 Domini
1230 2213 1277 2241 M.
1307 2214 1351 2242 D.
1379 2214 1486 2243 LXV.
1526 2202 1685 2245 Frater

41 2261 98 2316 ‘in
121 2261 319 2313 Christo,

652 2318 1112 2362 STAN.CARD1NALIS
1139 2331 1442 2360 VAMRMIENffls

138 2381 380 2435 Ῐηεεφίῥίὶο
404 2394 452 2421 ιιι
475 2381 640 2443 quarta
656 2377 853 2432 pagina:
883 2376 995 2418 Rdo.
1023 2375 1242 2427 Domino,
1270 2376 1434 2432 Joanni
1466 2378 1681 2430 Polanco,

47 2439 176 2482 fratri
199 2438 439 2485 Societatis
469 2441 676 2496 Jesu,1n
705 2435 887 2478 Christo
918 2433 1047 2476 nobis
1076 2434 1357 2477 charissimo.
1390 2436 1497 2477 qlm
1528 2452 1684 2479 manu:

54 2500 185 2553 1565.
219 2498 482 2554 Helisperg
515 2496 654 2540 Card.
688 2493 958 2537 varmiense
992 2504 1045 2547 25
1072 2494 1196 2548 Maij.
1229 2494 1672 2552 Szgillz'vestz'gimn

119 2656 128 2676 ¹
182 2658 239 2691 Ex
257 2655 482 2699 archetypo,
502 2652 542 2687 in
563 2651 661 2687 Cod.
689 2650 749 2696 38,
768 2648 914 2696 duplici
932 2647 983 2684 fol
996 2677 1002 2683 .
1015 2675 1024 2692 ,
1049 2657 1113 2693 114
1131 2647 1248 2692 (198).

119 2706 132 2726 ²²
183 2703 289 2738 Petri
309 2713 362 2736 sc.
383 2701 507 2736 Phae.

117 2752 131 2771 ⁵
181 2752 270 2797 Ms.,
293 2748 591 2785 Commendini.
