1958 3210
255 211 325 256 654
875 210 1013 245 Emsr.
1042 208 1085 244 P.
1114 209 1262 245 NADAL

260 325 357 353 rum
381 310 622 366 exciperet.
651 311 783 366 Quae
805 324 876 354 res
899 324 991 352 non
1020 324 1176 365 parum
1207 317 1276 353 est
1312 311 1500 354 molesta
1538 312 1715 364 rectori,
1757 326 1889 369 prae-

259 369 411 412 sertim
436 370 543 412 dum
566 370 678 412 alter
700 376 856 412 contra
879 369 1067 412 alterum
1092 383 1141 411 se
1164 369 1350 412 nimium
1375 369 1542 423 tuetur,
1569 378 1619 413 ut
1640 371 1774 414 etiam
1799 373 1888 415 fra-

262 436 351 472 tres
374 443 715 484 nonnumquam
738 428 953 471 maiorem
976 427 1093 471 inter
1115 427 1235 483 ipsos
1261 428 1471 472 unionem
1494 429 1764 473 desiderent.
1797 432 1888 475 Sed

260 494 327 529 est
351 488 698 530 condonandum
721 487 889 542 aliquid
912 489 968 530 D.
997 487 1236 531 Theodoro
1254 488 1311 530 ob
1328 495 1533 531 naturam
1552 489 1648 531 eius
1666 489 1887 532 difficilia

260 561 369 598 rem,
396 546 472 600 qui
497 561 652 589 rursus
675 562 700 589 a
722 561 793 590 me
816 545 1078 601 postulauit,
1106 553 1155 588 ut
1183 546 1268 589 sibi
1296 546 1429 591 liceat
1458 554 1658 603 tempore
1687 548 1888 591 uacatio—

260 620 366 646 num
390 605 436 647 in
459 605 646 660 patriam
671 605 909 661 proficisci.
937 605 1166 660 Respondi
1189 612 1258 648 sat
1280 619 1379 650 esse
1404 606 1615 662 temporis
1638 608 1694 649 ad
1717 607 1887 651 delibe-

259 665 464 718 randum,
489 664 599 706 nihil
623 679 745 707 nunc
768 664 904 707 statui
926 670 1148 719 oportere.
1175 664 1320 708 Video
1350 665 1433 708 iter
1461 665 1523 707 1111
1552 680 1650 709 6556
1678 666 1886 722 longum,

261 724 456 765 fructum
496 738 605 767 uero
642 724 875 779 exiguum.
918 725 1155 766 Hactenus
1192 738 1281 766 non
1315 738 1364 767 se
1394 725 1760 780 cognoscendum
1796 726 1889 768 suis

261 782 483 837 praebuit,
516 797 664 837 neque
701 784 847 825 adhuc
877 783 1091 838 praebere
1126 784 1238 834 uult,
1271 783 1392 837 quod
1420 783 1476 825 sit
1509 783 1643 826 huius
1676 783 1885 827 instituti:

258 855 374 895 quae
397 856 468 885 res
491 842 599 883 mihi
622 856 711 884 non
737 843 969 898 probatur,
996 855 1079 884 nec
1102 841 1320 884 satisfacit
1343 842 1491 885 adhuc
1514 842 1559 884 in
1581 843 1758 895 litteris,
1778 858 1890 898 quas

259 901 314 943 de
338 900 600 943 abdicandis
622 900 752 944 bonis
776 901 1124 944 conscribendas
1148 901 1329 955 quidem
1352 902 1529 944 curauit
1551 915 1606 944 ex
1632 904 1682 944 Ρ.
1716 902 1889 945 Natalis

259 960 579 1012 admonitione;
605 961 684 1003 sed
707 968 882 1016 poterat
905 959 1151 1015 simplicius
1181 975 1228 1002 se
1256 960 1377 1002 omni
1407 960 1503 1004 iure
1531 961 1752 1003 bonorum
1783 976 1890 1004 suo-

260 1033 358 1060 rum
384 1019 608 1071 abdicare,
635 1019 671 1062 si
694 1027 873 1062 nostros
896 1019 943 1061 in
966 1018 1212 1062 Germania
1242 1019 1452 1062 inferiore
1481 1027 1794 1075 procuratores
1824 1021 1891 1064 fa-

258 1085 395 1121 ceret,
423 1080 594 1122 Verum
623 1080 872 1134 expectabo
902 1078 1173 1122 sententiam
1202 1080 1256 1121 R.
1296 1081 1347 1121 P.
1390 1081 1464 1131 T„
1506 1094 1562 1121 an
1599 1080 1720 1134 quod
1759 1094 1892 1135 saepe

260 1137 403 1193 petiit,
431 1140 515 1180 hoc
539 1138 623 1181 iter
645 1138 707 1180 1111
729 1138 772 1180 in
797 1138 985 1194 patriam
1010 1138 1067 1180 sit
1091 1138 1447 1181 concedendum.

983 1288 1183 1330 XXXIX

631 1381 686 1417 P.
730 1380 1043 1427 JOANNES
1084 1382 1166 1416 DE
1206 1380 1536 1418 POLA-NCO

910 1470 958 1493 ex
978 1458 1253 1493 commissione

759 1551 900 1580 PATRI
937 1550 1103 1580 SIMONI
1139 1549 1415 1580 RODRIGUEZ

798 1627 983 1678 Romae,
1012 1626 1035 1667 8
1064 1624 1170 1680 Maji
1202 1625 1311 1678 1564
1335 1626 1361 1667 ¹.

418 1713 590 1748 Litterae
609 1714 958 1748 commendatitiae
979 1714 1147 1748 Antonii
1166 1714 1211 1748 de
1231 1712 1362 1758 sssorcz,
1383 1712 1544 1747 Natalis
1562 1714 1731 1760 nepotis.

355 1793 448 1833 Pax
471 1790 596 1846 Xpi.,
622 1798 709 1833 etc.
737 1792 826 1834 Los
851 1806 938 1845 que
960 1792 1112 1835 Heuan
1135 1792 1176 1834 la
1200 1798 1408 1846 presente
1438 1805 1520 1833 son
1542 1791 1583 1833 el
1607 1792 1658 1833 Ρ.
1694 1791 1896 1834 Antonio

264 1851 388 1893 Leon
406 1866 433 1905 y
458 1850 659 1894 Antonio
682 1852 738 1892 de
763 1853 903 1902 Mora,
930 1850 1111 1893 sobrino
1129 1851 1201 1893 del
1222 1852 1273 1892 Ρ.
1297 1852 1342 1893 M
1352 1861 1408 1892 ‚10
1432 1851 1582 1902 Natal‚
1609 1851 1649 1893 el
1668 1851 1771 1905 qual
1792 1850 1897 1892 uino

264 1914 289 1951 a
308 1911 449 1952 Roma
472 1911 701 1965 pensando
724 1911 779 1952 de
801 1911 941 1965 poder
965 1909 1163 1953 estudiar
1185 1923 1271 1951 con
1295 1910 1335 1953 61
1360 1910 1487 1951 fauor
1509 1910 1564 1952 de
1587 1924 1640 1952 su
1665 1913 1741 1961 tio,
1762 1924 1790 1964 y
1809 1913 1896 1952 assi

266 1970 321 2011 N.
346 1970 398 2011 P.
425 1970 466 2012 16
490 1969 591 2012 hizo
610 1984 804 2025 recoger
821 1984 877 2012 en
901 1970 941 2013 el
959 1969 1154 2025 collegio
1178 1968 1454 2024 germanico,
1481 1970 1610 2011 hasta
1638 1983 1741 2023 que,
1769 1983 1897 2010 como

266 2037 493 2071 tornamos
516 2030 571 2071 de
594 2030 778 2082 Trento,
805 2044 833 2084 y
850 2029 891 2071 el
916 2031 966 2071 P.
990 2030 1036 2071 Μ
1045 2039 1102 2070 ‚ro
1126 2029 1260 2071 Nata]
1280 2028 1352 2070 uio
1375 2042 1463 2083 que
1480 2043 1539 2070 no
1558 2031 1677 2070 tenia
1695 2027 1895 2072 enclina-
1952 2058 1958 2069 .

265 2086 357 2129 tion
376 2092 400 2130 a
419 2089 459 2129 la
478 2088 683 2143 relligion
703 2098 806 2144 (que
829 2095 925 2131 esto
948 2087 1302 2143 ingenuamente
1325 2087 1518 2143 siempre
1547 2089 1588 2130 el
1610 2088 1652 2130 1ο
1675 2087 1810 2141 (11)(01,
1837 2101 1897 2129 no
1950 2095 1954 2098 “

265 2147 305 2188 16
330 2147 505 2201 parecio
529 2162 617 2202 que
639 2150 863 2190 conuenia
886 2162 991 2202 para
1014 2148 1055 2190 61
1073 2147 1277 2202 exemplo
1295 2162 1323 2201 y
1342 2146 1599 2190 edificatiOn
1616 2147 1672 2188 de
1694 2147 1737 2189 la
1759 2147 1897 2189 Com-

266 2209 399 2261 pania
422 2221 509 2261 que
532 2222 580 2250 se
603 2206 853 2249 estubiesse
877 2210 979 2260 aqui
1011 2214 1106 2250 este
1138 2206 1372 2258 mancebo,
1405 2220 1535 2248 como
1563 2220 1616 2248 su
1646 2205 1842 2257 sobrino,
1869 2219 1898 2260 y

265 2269 327 2307 asi
353 2267 408 2308 ha
433 2266 609 2309 instado
633 2280 720 2320 que
744 2266 784 2309 le
807 2266 985 2308 embien
1008 2280 1094 2308 con
1116 2267 1158 2308 13
1181 2264 1468 2309 benediction
1492 2266 1548 2309 de
1575 2264 1701 2308 Dios.
1735 2266 1834 2308 Aca
1855 2264 1897 2308 16
1951 2281 1958 2302 .·

265 2326 512 2379 ayudamos
536 2340 643 2381 para
665 2326 706 2368 61
730 2325 905 2368 camino
929 2339 1013 2367 con
1037 2326 1080 2367 lo
1102 2339 1190 2380 que
1218 2326 1374 2368 hemos
1402 2324 1580 2380 podido.
1605 2324 1654 2368 Si
1677 2325 1780 2380 algo
1802 2327 1897 2365 mas

265 2384 305 2425 16
331 2385 456 2428 fuere
480 2384 735 2429 necessario
755 2386 1014 2436 realmente,
1037 2399 1084 2427 se
1101 2385 1142 2427 le
1160 2384 1298 2440 podra
1316 2391 1504 2439 prestar,
1527 2398 1614 2438 que
1633 2384 1674 2426 lo
1692 2385 1898 2426 haremos

265 2447 346 2485 aca
368 2444 574 2487 bueno...
598 2443 655 2487 Di
681 2445 840 2496 Roma,
868 2444 897 2486 11
922 2445 945 2486 8
970 2444 1013 2486 di
1039 2443 1225 2500 Maggio
1255 2443 1380 2497 1564.

338 2587 346 2606 ¹
400 2587 457 2620 Ex
474 2587 662 2632 Regesto,
685 2584 784 2620 Cod.
811 2595 853 2630 33
872 2586 930 2630 a),
951 2586 1019 2621 fol.
1044 2585 1131 2630 387.
1161 2586 1206 2620 In
1231 2584 1418 2629 margine:
1450 2583 1633 2620 Ganoua.
1660 2585 1711 2619 P.
1739 2585 1892 2621 Simon.
1938 2621 1939 2625 ,

267 2631 366 2668 Vide
386 2634 505 2680 epist.
529 2633 611 2678 228,
631 2646 674 2669 n.
698 2641 754 2676 10;
777 2632 860 2678 232,
879 2645 919 2668 n.
946 2642 981 2678 73
1003 2639 1042 2669 et
1060 2632 1251 2680 append„
1271 2633 1474 2667 XXXVII.
