1958 3210
238 208 284 244 54
806 201 847 235 P.
877 200 1064 236 NATALIS
1090 201 1309 237 EPHEMER.

239 298 448 355 religioni
479 298 627 343 editae
655 315 682 342 a
715 314 913 354 caesare3
944 308 1218 358 quapropter
1245 301 1331 344 fuit
1358 302 1587 359 relegatus
1615 316 1641 344 a
1668 314 1866 344 caesare.

239 375 359 419 quit
381 375 638 420 visitatione
660 375 833 432 aliquas
854 378 1068 422 ecclesias
1089 385 1135 423 et
1157 378 1442 421 monasteria.

331 455 383 495 P.
411 452 641 496 Adrianus
665 453 771 496 fecit
792 453 971 497 initium
1000 455 1195 511 collegio
1223 455 1491 499 louaniensi:
1515 456 1639 500 dedit
1665 454 1728 497 illi
1750 455 1872 497 bona

241 544 324 573 sua
345 536 414 573 sat
437 530 597 586 ampla:
623 530 807 574 habitus
829 538 898 576 est
919 531 1135 588 egregius
1158 532 1474 576 confessarius.

332 609 384 650 P.
411 607 566 652 Violas
588 609 754 651 bonam
777 623 957 665 operam
981 609 1169 652 nauauit
1192 609 1384 665 primum
1411 609 1635 662 Lutetiae,
1669 609 1716 651 in
1733 609 1871 652 colle—

242 684 320 740 gio
361 685 761 741 longobardorum:
794 685 800 741 Ι
828 685 999 742 recepit
1020 686 1191 742 aliquot
1213 687 1270 729 ad
1293 687 1581 731 Societatem:
1623 686 1728 731 dein
1756 685 1872 729 iuuit

244 761 557 807 fundationem
579 763 757 819 collegij
781 762 1061 807 biliomensis
1083 770 1128 808 et
1150 763 1421 808 aedificium.

334 840 427 884 Sed
463 846 508 884 et
545 840 657 883 illud
698 841 876 894 addam,
924 842 1105 885 tandem
1144 840 1392 885 desciuisse
1433 857 1459 884 a
1491 840 1722 884 Bobadilla
1765 839 1875 883 alios

245 931 417 960 omnes.

335 994 495 1051 Igitur,
515 1002 565 1037 vt
583 997 639 1038 ad
656 995 988 1039 bobadillanam
1006 996 1273 1040 seditionem
1295 1003 1512 1048 reuertar,
1542 995 1631 1038 iam
1658 994 1756 1039 eius
1779 1000 1877 1036 tur-

246 1072 450 1116 bulentia
471 1087 561 1115 non
579 1074 724 1115 solum
743 1073 1148 1130 domivagabatur,
1173 1075 1255 1118 sed
1271 1074 1328 1116 ad
1349 1080 1561 1117 externos
1583 1079 1679 1115 erat
1700 1073 1757 1116 ab
1779 1071 1877 1127 ipso

246 1150 412 1202 delata,
438 1164 578 1204 quum
601 1164 708 1194 ecce
730 1149 811 1192 tibi
833 1149 965 1193 aliam
988 1150 1322 1194 tribulationem
1344 1151 1425 1193 96
1447 1149 1662 1194 excitauit
1680 1152 1731 1192 Ρ.
1754 1150 1877 1192 Pon-

248 1226 353 1269 tius:
381 1241 433 1269 ac
462 1226 562 1281 quis
593 1227 808 1270 Pontius?
836 1227 874 1270 is
903 1227 980 1284 qui
1002 1227 1134 1271 anxie
1163 1235 1299 1283 atque
1333 1228 1603 1284 impotenter
1630 1226 1882 1283 expetierat

247 1303 476 1360 designari
498 1305 732 1360 professus
750 1318 778 1359 4
794 1312 1022 1360 votorum,
1042 1306 1167 1360 quod
1184 1320 1275 1348 non
1293 1313 1544 1358 assecutus,
1566 1304 1668 1347 tulit
1685 1319 1784 1348 eam
1806 1318 1878 1347 re-

250 1381 426 1436 pulsam
452 1381 884 1438 impatientissimus.
917 1384 1119 1426 Feruens
1147 1383 1314 1439 alioqui
1342 1383 1595 1439 operarius‚
1627 1382 1701 1425 cui
1730 1389 1881 1425 tamen

250 1457 440 1502 durities
462 1458 621 1515 capitis
643 1459 886 1516 negocium
909 1460 1176 1504 facessebat:
1203 1460 1368 1515 alioqui
1390 1460 1512 1502 Vtilis
1534 1462 1685 1503 Pater.

338 1538 443 1580 Non
465 1538 712 1580 censebant
734 1537 910 1593 hispani
935 1540 1093 1581 Patres
1114 1538 1186 1593 alij
1211 1545 1390 1593 praeter
1411 1537 1631 1581 lusitanos
1654 1551 1753 1580 esse
1776 1550 1885 1579 con-

252 1615 535 1670 gregandam
557 1614 831 1659 Societatem
854 1617 1038 1667 Romae,
1059 1615 1139 1659 sed
1158 1615 1470 1659 Barchinonae
1491 1614 1538 1657 in
1561 1613 1811 1657 Catalonia:
1836 1613 1883 1655 id

251 1691 368 1734 serio
407 1693 743 1736 contenderunt
779 1708 804 1736 a
842 1694 977 1736 Patre
1012 1692 1214 1747 vilcario,
1256 1693 1395 1736 misso
1425 1694 1561 1735 Patre
1593 1693 1761 1747 Veyra.
1816 1692 1882 1733 Ex

253 1769 440 1812 consilio
465 1772 667 1822 Patrum,
693 1770 863 1826 placuit
886 1770 1011 1814 Patri
1039 1770 1206 1813 vicario
1235 1777 1284 1812 vt
1311 1784 1406 1813 rem
1435 1770 1491 1813 ad
1520 1768 1650 1812 Pauli
1677 1767 1740 1822 4.ἱ
1764 1767 1883 1810 iudi—

253 1846 375 1890 cium
396 1847 680 1890 referremus.
708 1849 765 1900 Is,
785 1847 961 1891 etiamsi
978 1862 1031 1891 eo
1050 1855 1250 1904 tempore
1272 1854 1451 1903 gereret
1473 1847 1641 1890 bellum
1665 1847 1885 1889 aduersus

258 1923 532 1980 Philippum,
558 1924 670 1968 dixit
693 1933 843 1969 tamen
866 1932 930 1973 vt,
951 1940 999 1969 re
1015 1926 1166 1968 denuo
1182 1924 1482 1977 considerata,
1504 1938 1683 1966 rursum
1702 1923 1758 1964 ad
1780 1937 1884 1965 eum

254 2001 529 2045 veniremus:
551 2010 734 2058 sperant
751 2002 888 2058 aliqui
907 2004 1110 2045 futurum
1133 1998 1182 2045 vt
1204 2017 1303 2045 eam
1326 2000 1652 2058 profectionem
1675 2001 1887 2056 probaret

260 2079 445 2122 Paulus.
472 2079 547 2123 Sic
570 2095 657 2134 τῆς,
683 2095 823 2135 quum
845 2093 951 2124 ecce
969 2079 1050 2122 tibi
1070 2079 1259 2122 Pontius
1276 2078 1438 2123 detulit
1456 2079 1512 2120 ad
1528 2076 1788 2133 pontificem
1806 2090 1890 2119 suo

257 2155 560 2213 chirographo
583 2172 665 2200 nos
687 2158 802 2201 velle
825 2157 889 2201 ire
910 2157 957 2199 in
975 2156 1257 2213 Hispaniam:
1283 2156 1321 2199 si
1339 2155 1447 2212 quid
1464 2162 1696 2211 praeterea
1717 2154 1790 2196 97
1809 2154 1890 2196 ad-

258 2233 437 2287 diderit,
458 2249 541 2277 nos
579 2235 871 2278 nesciuimus:
910 2235 1021 2277 illud
1057 2234 1268 2288 vidimus,
1300 2235 1594 2277 vehementer
1615 2238 1890 2274 commotum

258 2318 417 2355 contra
440 2326 522 2355 nos
547 2313 739 2355 Paulum
762 2312 1023 2368 imperasse,
1048 2319 1096 2354 vt
1119 2312 1271 2354 nullus
1294 2326 1318 2354 e
1340 2310 1568 2354 Societate
1591 2310 1734 2351 Roma
1756 2321 1890 2351 exce-

259 2390 387 2433 deret
409 2389 485 2432 illo
507 2389 780 2442 inconsulto,
813 2397 861 2432 vt
889 2389 1148 2445 diplomata,
1174 2402 1330 2431 omnes
1346 2385 1719 2438 vconstitutiones,
1751 2399 1889 2440 regu-

258 2468 341 2520 las,
367 2474 416 2510 vt
439 2467 495 2510 ad
517 2467 663 2523 ipsum
685 2467 981 2519 deferremus,
1006 2467 1123 2510 velle
1145 2481 1194 2509 se
1221 2464 1371 2508 omnia
1393 2479 1526 2507 suum
1543 2462 1759 2505 iudicium
1782 2462 1891 2504 sub-

264 2545 330 2588 ire
356 2547 384 2587 ¹.

353 2622 542 2665 Fuimus
563 2636 673 2665 sane
696 2628 787 2665 tam
810 2620 901 2664 acri
923 2620 1111 2676 imperio
1133 2618 1360 2663 commoti:
1388 2618 1643 2662 sciebamus
1674 2616 1895 2658 minatum

264 2700 460 2742 Paulum
483 2699 659 2755 Ignatio
675 2705 854 2742 mortuo
871 2699 903 2741 ²:
930 2697 1071 2741 fuisse
1093 2696 1154 2739 illi
1178 2696 1327 2752 quoad
1343 2694 1455 2738 vixit
1472 2694 1715 2738 infensum:
1737 2705 1900 2749 gerere

265 2777 435 2820 bellum
453 2783 613 2819 contra
636 2776 910 2832 Philippum:
937 2789 1037 2819 esse
1059 2788 1224 2827 acrem,
1250 2780 1357 2826 etc.;
1382 2778 1428 2815 et
1456 2778 1606 2815 tamen
1634 2785 1726 2813 non
1746 2769 1896 2812 deter-

265 2853 339 2896 riti
362 2855 626 2897 dolebamus
648 2853 779 2896 nobis
800 2855 1094 2898 vehementer
1122 2851 1244 2895 vices
1267 2849 1545 2903 Bobadillae,
1575 2854 1621 2892 et
1643 2846 1792 2902 Pontij
1817 2846 1901 2889 de-

345 2964 352 2982 ·
405 2960 664 3006 SAccmNus,
683 2962 757 2996 loc.
777 2960 861 3005 cit.,
881 2971 945 2994 nn.
971 2959 1031 3004 76,
1048 2967 1110 3003 77.

339 3024 353 3042 ²
404 3020 505 3055 Vide
523 3031 652 3068 supra,
670 3031 758 3067 pag.
785 3028 846 3065 50.
