1958 3210
238 140 307 183 604
854 134 990 169 EprsT.
1020 132 1067 168 P.
1100 132 1249 169 NADAL

238 239 413 289 Natale,
440 236 698 291 esponendo
720 235 816 277 loro
839 233 929 275 mio
946 234 1159 289 scrupulo
1181 234 1236 277 de
1254 235 1544 288 conscientia,
1566 244 1609 280 et
1632 237 1866 280 (100131311-

238 299 295 340 (10
319 297 645 340 sinceramente
667 294 756 336 mio
780 293 945 346 animo,
965 293 1070 347 qual
1088 308 1160 336 me
1178 294 1306 337 basta
1323 309 1408 337 con
1426 296 1467 338 la
1485 296 1630 352 gratia
1647 297 1719 341 del
1735 297 1866 339 onni—

240 363 421 413 potente
445 355 533 398 Dio
557 361 746 398 mettere
768 353 811 395 in
837 354 976 397 ferma
999 359 1043 394 et
1072 353 1232 397 stabile
1254 355 1535 398 essecutione
1558 363 1602 399 et
1624 357 1647 398 0
1673 357 1773 399 tale.

327 416 424 458 Che
447 415 606 470 poiche
629 414 659 456 il
682 412 878 469 collegio
901 411 1206 456 ecclesiastico
1235 414 1259 456 e
1290 421 1414 456 tanto
1443 415 1644 467 innanzi,
1670 416 1754 460 che
1776 430 1866 458 non

238 476 274 518 si
305 475 611 530 estinguesse,
651 488 723 515 ma
751 472 787 516 si
818 471 1115 527 restringesse
1144 473 1200 515 ad
1237 488 1325 516 vno
1359 488 1545 518 numero
1574 474 1769 530 piccolo,
1803 475 1866 517 sm

239 541 363 577 tanto
386 536 469 576 che
491 533 579 576 Dio
601 533 735 575 desce
757 531 965 588 maggior
995 533 1132 584 forze,
1159 532 1258 575 0100
1288 535 1372 577 che
1396 534 1480 578 alle
1508 549 1637 590 spese
1666 534 1753 577 mie
1775 549 1867 577 non

237 608 494 650 passassaro
516 608 595 649 per
617 593 778 635 adesso
802 591 832 633 il
854 605 1042 633 numero
1065 591 1121 633 de
1151 604 1199 646 13
1232 606 1437 647 persone,
1470 594 1601 648 quale
1623 595 1867 636 hauessero

238 668 322 696 suo
346 654 517 697 decano
541 659 585 696 et
607 651 797 694 ministri
826 650 1090 705 necessarij,
1121 658 1166 695 et
1195 666 1273 707 per
1296 653 1390 695 loro
1419 660 1464 696 et
1485 668 1563 709 per
1586 652 1686 696 altri
1708 653 1857 696 conui—

238 713 353 756 ctor·i
382 712 608 764 forasteri,
642 710 762 767 quali
791 710 969 766 soglino
998 725 1119 753 esser
1148 724 1324 766 sempre
1352 711 1398 754 in
1424 713 1544 755 bono
1576 720 1786 765 numero,
1822 719 1868 755 et

238 773 429 827 qualche
451 772 573 815 volta
595 785 787 827 passano
810 770 1076 825 cinquanta3
1107 776 1152 813 et
1182 771 1361 826 quando
1392 772 1561 815 fossero
1590 771 1666 828 piu
1689 772 1866 815 habita—

241 833 376 884 tione,
403 832 653 875 sarebbeno
676 845 811 875 senza
833 844 1037 873 numero.

328 892 458 935 Oltra
486 891 530 934 di
559 890 728 947 questi,
771 889 890 945 quali
920 889 1025 931 tutti
1062 888 1276 932 habitano
1305 897 1350 934 et
1378 891 1622 947 mangiano
1650 891 1811 935 dentro
1839 890 1869 932 il

238 951 431 1007 collegio
453 951 497 993 di
527 957 657 994 santo
686 949 973 1001 Hieronimo,
1000 963 1113 991 sono
1135 951 1332 992 anchora
1355 949 1431 1006 piu
1458 951 1503 993 di
1526 950 1732 1006 quaranti
1754 964 1868 1006 pou—

239 1011 333 1056 ueri
356 1010 531 1063 scolari,
557 1009 677 1066 quali
699 1011 819 1052 hano
841 1008 1028 1051 mattina
1051 1016 1096 1051 et
1118 1022 1218 1052 sera
1239 1009 1355 1053 della
1376 1017 1499 1053 corte
1522 1011 1607 1053 doe
1635 1011 1721 1054 olle
1751 1011 1868 1053 bone

239 1086 322 1114 con
346 1077 571 1114 manestre
595 1079 639 1114 et
662 1083 777 1125 pane
799 1069 870 1111 del
893 1068 1101 1124 collegio,
1127 1076 1172 1111 et
1195 1083 1242 1111 se
1272 1069 1508 1112 chiamano
1536 1069 1694 1125 ollarij,
1720 1076 1765 1114 et
1787 1084 1868 1112 an-

238 1133 375 1174 chora
403 1130 550 1186 questi
579 1143 806 1196 mangeno
828 1128 874 1170 in
897 1127 1089 1180 collegio
1112 1128 1158 1170 in
1180 1143 1268 1171 vna
1291 1136 1412 1173 certa
1434 1137 1589 1173 5131123
1611 1129 1858 1185 assignata.

327 1190 453 1233 Tutti
476 1189 622 1244 questi
646 1188 868 1245 collegiali
891 1195 936 1232 et
954 1187 1110 1243 ollarij,
1134 1188 1249 1231 oltra
1271 1189 1301 1230 l'
1306 1189 1446 1232 andar
1467 1190 1551 1236 alle
1573 1189 1774 1241 101110110,
1800 1189 1869 1231 (11-

240 1257 371 1318 spute
388 1257 433 1292 et
456 1248 654 1304 exercitij
683 1247 955 1302 scholastici,
980 1261 1091 1290 sono
1114 1247 1302 1314 obligati
1323 1249 1368 1291 di
1391 1249 1457 1291 far
1473 1249 1504 1291 il
1520 1249 1706 1292 seruitio
1725 1255 1770 1291 et
1786 1248 1870 1291 mi—

240 1309 427 1353 nisterio
450 1307 789 1352 ecclesiastico
779 1323 825 1350 1n
847 1315 1046 1361 cantare,
1071 1306 1339 1361 ministrare,
1365 1315 1409 1352 et
1433 1309 1602 1353 seruire
1628 1309 1713 1352 alla
1735 1307 1870 1351 missa

240 1377 285 1414 et
307 1369 337 1412 li
360 1368 553 1424 vesperi,
580 1375 666 1411 etc.

331 1430 453 1474 Sono
476 1428 664 1484 obligati
688 1427 732 1470 di
750 1427 911 1483 pigliar
933 1427 1077 1470 ordini
1095 1427 1168 1470 alli
1186 1427 1251 1470 soi
1270 1428 1424 1484 tempi,
1447 1429 1627 1483 quando
1644 1442 1755 1472 sono
1773 1427 1869 1470 ido-

240 1489 329 1542 nei;
355 1487 637 1531 s'instruisce
659 1487 706 1530 in
728 1488 770 1530 la
787 1501 894 1530 cura
912 1488 1152 1544 pastorale,
1173 1501 1307 1543 sopra
1324 1488 1366 1530 la
1384 1489 1516 1544 quale
1533 1489 1557 1530 e
1576 1503 1663 1531 vna
1681 1487 1869 1532 lettione

240 1555 457 1605 perpetua
479 1548 553 1590 nel
574 1547 689 1591 libro
712 1548 784 1590 del
808 1548 953 1590 Padre
977 1548 1043 1590 fra
1072 1546 1246 1591 Pietro.
1285 1548 1407 1591 Sono
1436 1546 1623 1604 obligati
1651 1548 1696 1590 di
1719 1554 1863 1591 accet-

242 1617 324 1661 tar,
351 1608 543 1651 essendo
565 1606 731 1664 idonei,
757 1621 866 1651 cure
889 1614 933 1651 et
955 1606 1055 1651 altri
1077 1606 1309 1662 minister-ij
1335 1607 1379 1649 di
1402 1607 1583 1651 chiesia.

328 1667 492 1724 Questi
515 1667 639 1711 vorei
662 1666 892 1711 viuessero
915 1681 1045 1711 come
1067 1667 1128 1709 fin
1152 1669 1262 1710 hora
1282 1668 1379 1710 suis
1402 1668 1577 1724 legibus
1608 1670 1647 1710 et
1675 1667 1866 1720 statutis,

237 1728 319 1770 sub
337 1728 545 1784 propriis
568 1728 826 1784 777agist7'7‘s.

328 1790 398 1831 De
420 1787 513 1843 piu,
539 1788 652 1830 oltra
674 1786 719 1829 di
742 1793 918 1842 questo,
938 1800 1049 1829 sono
1067 1786 1191 1829 molti
1208 1785 1321 1842 varij
1348 1785 1554 1842 discipuli
1576 1786 1633 1828 da
1655 1785 1779 1828 molti
1803 1786 1868 1828 lo-

236 1848 324 1900 chi,
352 1846 472 1903 quali
494 1846 710 1889 habitano
733 1851 865 1889 extra
887 1846 1125 1902 collegium
1148 1845 1193 1889 in
1223 1860 1327 1889 case
1349 1845 1453 1889 delli
1481 1845 1703 1889 cittadini.
1746 1846 1868 1890 Sono

237 1909 434 1950 anchora
457 1906 582 1949 molti
604 1905 763 1962 figlioli
785 1906 841 1948 de
864 1905 1083 1958 cittadini,
1110 1906 1230 1961 quali
1251 1905 1418 1948 viuano
1440 1912 1558 1948 sotto
1574 1920 1664 1948 vno
1682 1911 1864 1957 rettore,

235 1975 280 2010 et
302 1969 421 2009 hano
444 1966 509 2009 soi
532 1965 704 2018 statuti,
732 1965 980 2021 priuilegij,
1013 1973 1057 2008 et
1089 1967 1269 2021 quando
1303 1966 1472 2010 fossero
1504 1979 1589 2008 con
1618 1966 1660 2008 le
1681 1964 1867 2008 lettione

235 2028 291 2070 de
313 2028 355 2069 la
377 2025 612 2081 disciplina
634 2025 801 2081 meglio
824 2025 1115 2081 gouuernati,
1141 2040 1232 2068 non
1255 2026 1279 2068 e
1302 2024 1439 2068 dubio
1461 2026 1545 2067 che
1568 2023 1863 2076 cresceriano‚

236 2087 428 2130 essendo
451 2086 610 2129 adesso
634 2085 680 2127 in
704 2092 822 2127 tutto
845 2084 963 2128 circa
988 2095 1074 2139 250
1096 2085 1290 2128 scholari
1312 2084 1476 2129 interni
1498 2092 1542 2127 et
1565 2083 1755 2128 externi.

328 2148 413 2189 Per
436 2145 743 2188 stabilimento
773 2145 985 2200 adonque
1013 2146 1129 2188 delle
1159 2144 1366 2198 lettione‚
1398 2144 1578 2200 dispute
1601 2151 1645 2188 et
1667 2142 1863 2198 exercitij

236 2205 514 2257 scholastici,
547 2206 684 2249 credo
713 2219 805 2247 non
833 2211 962 2261 poter
992 2205 1057 2247 far
1086 2204 1162 2260 piu
1200 2205 1451 2247 necessaria
1484 2210 1529 2248 et
1557 2210 1684 2246 santa
1713 2217 1863 2259 opera,

235 2267 320 2307 che
342 2265 386 2308 di
408 2264 688 2321 acrgiongere
711 2279 801 2307 vno
830 2264 1022 2332 collegio
1051 2264 1156 2307 dilla
1183 2263 1460 2320 Compagnia
1487 2263 1532 2306 di
1556 2264 1686 2321 Jesu,
1712 2263 1770 2305 ad
1792 2264 1866 2305 in-

237 2329 335 2367 εἰσιν
359 2301 535 2391 collegii
554 2326 604 2367 i77.
627 2340 641 2366 7
649 2340 682 2366 7
685 2325 746 2377 be,
768 2338 854 2367 con
877 2324 942 2366 soi
966 2323 1225 2379 priuileggi,
1257 2323 1561 2380 preminenza,
1594 2321 1864 2375 essentione,

237 2384 394 2428 statuti
417 2391 461 2427 et
485 2384 693 2436 costumi,
719 2399 810 2426 77077
842 2384 1118 2426 subiicwndo
1141 2384 1239 2425 7llos
1261 2384 1355 2425 777'37‘
1377 2384 1661 2425 εαησίῑεετιηο
1688 2383 1867 2424 domino

236 2448 389 2486 nostro
407 2448 446 2486 et
463 2459 542 2486 suo
552 2445 809 2499 praeposito
823 2444 1036 2499 generali
1047 2449 1136 2499 pro
1156 2447 1349 2499 tempore
1367 2443 1587 2495 existenti,
1605 2456 1732 2485 corne
1749 2441 1867 2485 circa

235 2511 396 2559 questo
418 2517 466 2546 se
490 2506 620 2559 potra
644 2504 708 2546 far
731 2503 970 2546 concordia
993 2510 1038 2546 et
1060 2517 1266 2558 espressa
1282 2501 1670 2554 determinatione,
1697 2501 1865 2557 confir—

237 2564 408 2605 manda
426 2578 504 2619 per
523 2564 613 2607 Soa
631 2562 934 2615 Beatitudine,
956 2563 1021 2605 lor
1043 2562 1278 2619 superiori,
1299 2577 1369 2604 me
1391 2563 1538 2614 etiam,
1562 2576 1692 2605 come
1713 2575 1862 2617 Spero,

235 2625 431 2666 anchora
455 2622 484 2664 il
517 2622 710 2678 capitolo
733 2628 1010 2678 augustano.
1045 2624 1221 2677 Questo
1243 2622 1435 2678 collegio
1463 2622 1693 2664 Societatz's
1720 2622 1778 2663 ha
1809 2621 1865 2664 de

234 2684 400 2726 hauere
424 2682 600 2738 proprie
622 2689 776 2725 stanze
798 2683 1033 2726 commode
1054 2688 1099 2725 et
1127 2683 1258 2725 bone:
1294 2683 1414 2724 hano
1442 2682 1498 2724 da
1521 2680 1648 2724 viuer
1678 2679 1865 2724 insiemo

233 2742 278 2784 in
298 2741 476 2798 proprio
496 2741 742 2786 refettorio:
763 2744 882 2784 hano
899 2743 956 2784 da
972 2743 1139 2786 hauere
1156 2740 1334 2798 proprie
1356 2748 1400 2785 et
1423 2739 1675 2784 sufficiente
1691 2739 1864 2782 intrade

235 2801 464 2857 assignate
486 2802 582 2844 loro
604 2816 734 2857 sopra
756 2800 874 2844 100111
897 2800 1027 2844 certi:
1059 2803 1177 2844 hano
1200 2801 1257 2843 da
1283 2802 1450 2844 hauere
1478 2814 1561 2843 5110
1590 2798 1815 2856 preposito
1837 2813 1864 2840 o

235 2875 342 2903 uero
367 2868 549 2913 rettore,
575 2860 641 2904 soi
665 2860 862 2914 maestri,
888 2860 1070 2915 dottori‚
1096 2859 1368 2916 philosophi,
1400 2859 1558 2911 artisti,
1585 2857 1863 2915 grammatici

234 2927 278 2963 et
302 2920 452 2963 lettori
478 2921 594 2963 nelle
618 2920 773 2974 lingue
796 2920 949 2973 latina,
976 2935 1128 2974 greca,
1153 2921 1338 2963 hebrea.
