1958 3210
779 210 867 253 1556
1584 218 1630 254 47

17 313 206 370 quadam
228 311 369 353 morbi
392 309 603 353 foeditate
625 310 923 362 conflictatus,
951 312 1129 354 tandem
1153 312 1379 367 profectus
1402 311 1447 354 in
1466 312 1634 367 Hispa-

24 390 154 441 niam,
179 402 268 430 non
289 386 367 429 diu
387 386 651 442 superuixit.
680 386 768 429 Hic
791 388 936 429 bonus
966 389 1100 431 Pater
1128 389 1270 431 multa
1297 389 1481 431 abstulit
1509 404 1535 431 a
1562 404 1634 433 me

23 463 235 510 sacrificia
256 462 432 514 missae,
457 463 598 505 multa
620 464 676 505 ab
693 463 791 519 alijs
815 464 1040 515 Patribus,
1065 465 1228 507 multas
1257 465 1495 508 orationes.
1530 467 1636 508 Erat

25 542 90 585 vir
124 541 282 583 doctus
317 538 610 594 speculatiue,
642 547 688 581 et
725 546 984 582 accuratum
1022 540 1200 596 scripsit
1235 540 1398 583 librum
1435 543 1491 585 de
1527 542 1637 584 locis

29 615 304 673 theologicis;
338 629 494 657 verum
532 615 718 658 offendit
745 616 910 658 multos
939 630 1021 659 sua
1047 616 1217 672 ingenij
1248 617 1431 672 practici
1460 618 1637 660 dificul—

28 702 129 748 tate,
159 699 244 737 etc.
280 692 445 735 Anima
479 691 577 734 eius
609 691 656 733 in
686 700 842 734 sancta
879 707 990 748 pace
1027 693 1295 747 requiescat.
1324 694 1552 747 Exercuit,
1592 695 1638 737 in

25 770 149 815 nobis
171 768 444 825 patientiam,
470 768 733 812 charitatem
750 776 795 812 et
818 769 1035 812 beneficia
1052 769 1098 812 in
1115 785 1164 813 se
1187 776 1340 812 nostra
1367 770 1373 826 Ι
1401 770 1494 813 suis
1511 771 1638 814 oblo-

26 846 275 892 cutionibus
296 844 526 896 excitauit,
547 859 658 899 quas
680 859 766 900 ego
795 860 971 900 semper
1000 846 1172 889 fatebor
1199 860 1254 888 ex
1283 847 1379 889 zelo
1409 847 1640 903 religionis

27 932 70 969 et
95 922 268 980 pietatis
303 936 402 965 esse
438 921 677 976 profectas3
710 935 792 964 nec
830 922 1017 965 vlterius
1055 922 1265 977 cogitabo
1297 937 1355 965 an
1391 925 1639 967 secundum

27 999 266 1045 scientiam.

113 1075 313 1120 Prouisio
345 1075 530 1127 interea,
566 1088 681 1130 quae
709 1082 805 1118 erat
833 1075 973 1130 prima
1001 1090 1108 1119 cura
1147 1091 1272 1120 meae
1309 1077 1547 1130 missionis,
1573 1086 1642 1122 est

31 1155 240 1198 confecta.
269 1152 406 1195 Missa
428 1153 614 1194 Romam
638 1165 752 1206 3ooo
776 1163 816 1198 Δ
842 1166 921 1208 per
943 1153 1092 1196 literas
1116 1153 1417 1209 collybisticas
1440 1156 1642 1211 burgen-

30 1231 140 1274 sium
162 1236 474 1280 mercatorum,
499 1235 548 1270 vt
568 1228 757 1284 singulis
779 1229 1010 1272 mensibus
1032 1230 1259 1273 Florentia
1280 1231 1566 1275 mitterentur
1588 1233 1654 1275 ad*

30 1316 202 1351 nostros
250 1307 435 1348 Romam
481 1318 564 1360 300
607 1317 671 1351 Δ.
714 1306 1042 1349 praestiterunt
1086 1322 1193 1349 vero
1241 1310 1326 1350 hoc
1375 1315 1645 1352 mercatores

28 1385 192 1440 absque
214 1397 414 1426 summae
437 1382 750 1437 dimjnutione,
783 1384 903 1437 quod
932 1384 1016 1425 fuit
1045 1385 1347 1428 necessarium
1375 1385 1645 1441 praesidium

28 1459 201 1516 collegij
227 1459 411 1511 romani,
437 1466 573 1514 atque
593 1459 660 1502 81
685 1461 797 1502 adeo
819 1461 1030 1512 salutare,
1057 1468 1103 1502 vt
1127 1475 1216 1516 quo
1246 1468 1445 1518 tempore
1466 1470 1646 1519 propter

30 1538 240 1580 bellorum
264 1536 532 1580 detrimenta
555 1543 600 1579 et
627 1550 775 1579 rerum
805 1537 1003 1579 omnium
1031 1538 1318 1590 dificultates,
1349 1539 1646 1594 potentissimi

32 1614 273 1657 cardinales
296 1615 463 1656 Romae
483 1612 540 1656 de
562 1628 610 1656 re
638 1613 868 1668 pecuniari
896 1614 1278 1667 conflictarentur,
1300 1630 1382 1658 nos
1410 1616 1520 1658 nihil
1541 1631 1646 1659 sen-

33 1691 212 1735 tiremus
233 1689 460 1746 penuriae.
487 1691 587 1734 Hae
610 1690 827 1746 pecuniae
848 1699 1158 1746 prouenerunt
1186 1692 1345 1748 partim
1374 1707 1429 1735 ex
1458 1694 1647 1737 residuis

31 1767 136 1810 iuris
159 1769 210 1810 Ρ.
236 1769 271 1810 F
274 1767 478 1819 rancisci,
499 1767 656 1822 partim
681 1783 736 1811 ex
760 1769 809 1810 Ρ.
834 1768 1050 1811 Antonio.
1078 1769 1226 1813 Credo
1243 1784 1342 1814 esse
1361 1777 1468 1813 tunc
1486 1785 1648 1826 accep-

34 1852 102 1888 tos
123 1857 207 1898 400
236 1855 276 1890 Δ
306 1859 361 1887 ex
383 1844 574 1900 collegio
595 1844 865 1899 placentino,
892 1845 952 1888 ita
975 1852 1141 1898 tamen,
1162 1853 1211 1888 vt
1232 1854 1351 1891 esset
1373 1848 1429 1890 de
1446 1847 1650 1903 pecunijs

33 1920 193 1964 debitis
214 1922 396 1972 Romae,
427 1922 547 1963 vnde
582 1923 632 1963 P.
665 1921 933 1964 Franciscus
961 1921 1080 1964 illam
1109 1937 1330 1966 summam
1368 1923 1559 1980 collegio
1588 1924 1650 1966 illi

35 1996 334 2056 refundere[t].
366 1998 371 2054 Ι

687 2115 996 2189 [MErYMNAE]

124 2229 347 2274 Conuenit
368 2244 438 2272 me
462 2232 718 2285 Metymnae
741 2231 913 2274 Suerus
937 2232 1066 2287 Vega
1087 2233 1144 2275 de
1165 2232 1242 2276 lite
1263 2233 1333 2275 sui
1366 2233 1650 2288 matrimonij:

40 2299 260 2360 consului,
290 2320 405 2362 quae
441 2313 735 2349 occurrerunt
752 2321 806 2349 ex
844 2307 941 2350 eius
970 2308 1202 2363 relatione,
1233 2324 1477 2365 numquam
1518 2309 1655 2353 fuisse

41 2383 148 2426 illud
168 2383 499 2426 matrimonium
516 2397 688 2437 verum3
708 2385 957 2427 curandum
975 2393 1023 2426 vt
1040 2385 1380 2438 dissolueretur,
1401 2394 1508 2437 etc.,
1534 2387 1656 2442 quod

0 2495 2 2510 ἱ
40 2459 103 2502 illi
123 2460 311 2503 sucessit
327 2475 352 2503 e
374 2459 612 2504 sententia.

128 2535 366 2592 Disputaui
402 2551 505 2579 cum
541 2537 715 2580 medico
754 2540 911 2590 Perea,
943 2538 1019 2593 qui
1057 2539 1243 2582 ridicule
1266 2539 1463 2594 quidem,
1500 2553 1657 2584 verum

0 2629 3 2646 ι
42 2619 297 2657 constanter
318 2620 485 2666 tuetur,
512 2613 558 2656 in
578 2614 723 2656 brutis
744 2615 912 2656 nullam
935 2629 1035 2657 esse
1055 2615 1186 2658 aliam
1209 2616 1403 2659 animam
1424 2630 1557 2671 quam
1579 2631 1660 2660 ve-

45 2688 301 2744 getatiuam.
331 2690 515 2733 Adduxi
537 2690 662 2734 illum
684 2697 732 2732 vt
750 2690 926 2734 timeret
942 2706 1158 2745 asserere,
1180 2707 1295 2747 quae
1317 2691 1581 2750 nesci[e]bat
1604 2708 1661 2735 an

0 2779 2 2804 ῑ
45 2772 160 2808 esset
180 2773 336 2809 contra
356 2767 507 2820 fidem,
532 2767 798 2823 scripturam
821 2775 866 2810 et
887 2769 1122 2811 doctorum
1151 2769 1366 2813 ecclesiae
1394 2770 1658 2813 doctrinam.

130 2841 204 2884 82
252 2844 523 2897 Bernardus,
547 2843 698 2886 iussus
734 2844 883 2888 dicere
911 2844 967 2887 de
995 2845 1202 2901 Angelis,
1235 2846 1348 2890 adeo
1370 2846 1596 2902 profunde
1617 2852 1664 2890 et

0 2936 7 2954 e·
48 2915 331 2972 spiritualiter
352 2919 577 2972 disseruit,
609 2927 657 2962 vt
684 2935 895 2977 magnam
923 2921 1259 2965 admirationem
1294 2923 1423 2966 nobis
1453 2924 1666 2966 afferrent

0 3005 3 3029 ῑ
51 3005 165 3047 quae
181 2995 486 3040 audiebamus.
