1958 3210
851 199 939 235 1557
1657 190 1704 235 53

171 295 290 338 Hinc
311 300 379 338 est
401 300 696 336 consecutum
719 299 768 334 vt
791 298 975 334 coactus
998 291 1165 333 iudicio
1190 290 1323 333 trium
1346 291 1561 345 iudicum,
1586 291 1705 336 inter

82 387 194 428 quos
217 370 302 413 fuit
322 372 379 413 D.
407 369 671 421 Madridius,
697 376 803 411 vota
825 367 1063 412 Societatis
1081 367 1285 411 ediderit:
1307 368 1414 423 quid
1432 368 1504 410 hic
1521 369 1576 411 de
1598 383 1702 412 cae—

85 449 199 492 tero?
220 447 304 490 fuit
331 460 506 502 semper
539 445 710 488 alienus
734 460 759 487 a
783 447 832 487 P.
856 444 1048 500 Ignatio,
1080 444 1266 499 ignarus
1303 443 1512 496 instituti,
1544 451 1702 488 conte-

84 539 240 568 mnens
256 522 713 574 sociorum,versatus
731 521 910 576 quidem
939 520 944 578 Ι
972 521 1018 562 in
1034 520 1295 572 ministerio,
1311 522 1389 565 sed
1405 522 1461 563 de
1479 536 1560 564 suo
1578 521 1701 577 capi—

19 619 28 625 ·
83 608 141 653 te,
175 606 441 656 arroganter
463 600 519 643 de
547 613 597 641 se
625 598 784 641 solitus
812 596 1087 653 praedicare,
1113 598 1322 640 doctores
1345 597 1561 641 ecclesiae
1583 597 1701 640 indi—

83 675 183 733 gnis
205 675 355 718 verbis
378 676 617 731 appellare:
637 674 711 717 hic
733 674 1016 717 coadiutores
1050 674 1239 716 famulos
1256 688 1362 715 suos
1380 673 1543 718 dicere:
1564 674 1638 716 hic
1654 674 1701 717 in

79 751 320 796 Germania
341 752 693 807 intemperanter
729 750 858 793 bibit:
884 750 990 792 hinc
1012 750 1121 792 illud
1145 749 1297 792 vinum
1328 750 1695 794 bobadillianum:

77 829 182 872 lusit
209 827 415 871 schachis
439 827 748 883 impatienter:
785 830 871 870 hoc
904 828 1209 870 abutebantur
1241 826 1445 882 germani
1477 810 1699 882 principes

78 921 156 961 pro
173 905 390 956 morione,
412 919 551 960 quum
570 912 721 947 tamen
738 904 832 960 ipse
856 904 1043 947 instaret
1066 918 1114 947 se
1136 918 1234 947 esse
1263 904 1382 959 apud
1404 903 1503 945 illos
1524 918 1700 946 summa

78 981 358 1024 auctoritate:
389 981 461 1024 hic
489 981 600 1024 mira
628 980 869 1024 insolentia
903 981 1144 1024 verborum
1172 981 1403 1031 Vtebatur,
1436 982 1558 1022 hunc
1587 994 1699 1035 pue-

78 1072 192 1110 rum,
217 1058 342 1100 illurn
365 1057 540 1100 asinum
568 1072 751 1100 vocans:
784 1071 867 1099 nec
896 1059 981 1099 hoc
1010 1057 1188 1109 mirum,
1219 1071 1358 1112 quum
1389 1058 1440 1099 P.
1474 1056 1699 1112 Ignatium

78 1134 339 1191 apellauerit
360 1134 608 1190 sophistam
626 1133 892 1190 malignum,
914 1133 1333 1176 adu941ationibus
1354 1133 1588 1176 delinitum
1606 1133 1699 1175 bis—

78 1211 270 1264 cainum;
297 1211 368 1253 hic
390 1211 436 1253 in
458 1211 591 1253 domo
614 1212 844 1266 prophana
867 1210 1170 1265 concubinarij
1200 1210 1394 1252 hominis
1423 1211 1619 1252 nudatus
1641 1211 1699 1252 ad

77 1288 265 1330 abollam
294 1302 436 1343 vsque
465 1287 636 1330 ludrice
668 1294 736 1331 est
765 1286 1039 1343 digladiatus
1067 1301 1169 1329 cum
1199 1287 1476 1330 secularibus
1504 1286 1691 1329 homini-

76 1365 174 1407 bus.
202 1364 290 1407 Hic
312 1379 403 1407 non
426 1364 564 1408 semel
586 1363 806 1420 gloriatus
829 1371 898 1407 est
921 1379 969 1407 se
986 1364 1264 1406 sacerdotem
1282 1363 1508 1406 hominem
1526 1363 1573 1404 in
1591 1361 1673 1405 visi

75 1441 244 1485 tatione
267 1441 460 1495 quadam
482 1440 685 1497 patibulo
707 1440 1013 1496 suspendisse,
1039 1447 1084 1482 et
1106 1441 1277 1495 absque
1299 1440 1448 1495 aliqua
1465 1436 1698 1495 dispensa—

73 1518 193 1562 tione
229 1517 410 1560 missam
443 1517 710 1561 celebrasse:
742 1516 816 1559 hic
845 1516 1061 1560 ecclesiae
1088 1516 1449 1560 reformationem
1478 1516 1540 1559 ita
1568 1516 1699 1558 insti—

72 1602 199 1638 tuere
220 1594 381 1636 solitus
404 1593 646 1649 aliquando
670 1600 754 1646 est,
779 1601 828 1635 vt
852 1608 1077 1636 summum
1106 1592 1364 1649 pontificem
1396 1592 1698 1636 cardinalibus

74 1670 329 1714 subiiceret.

161 1747 263 1791 Alia
285 1747 486 1790 omittam
509 1748 581 1790 hic
611 1755 680 1791 sat
703 1748 860 1799 multa,
885 1754 934 1789 vt
956 1748 1189 1792 ostendam
1213 1762 1303 1790 non
1326 1746 1529 1803 potuisse
1550 1746 1696 1789 homi-

73 1839 176 1869 nem
211 1824 308 1880 alijs
346 1824 546 1867 moribus
578 1825 831 1881 praeditum
864 1831 954 1867 tam
978 1824 1191 1868 atrociter
1219 1824 1490 1868 Societatem
1518 1824 1524 1881 Ι
1551 1837 1696 1879 oppu—

73 1915 227 1957 gnare:
253 1908 299 1944 et
315 1901 371 1943 de
389 1901 590 1956 quinque
606 1901 676 1944 his
700 1901 928 1953 Patribus,
949 1908 998 1943 vt
1021 1902 1158 1945 semel
1181 1901 1344 1953 dicam,
1365 1907 1461 1945 erat
1482 1900 1527 1942 in
1550 1899 1694 1943 omni—

69 1979 156 2021 bus
176 1978 418 2034 singularis
449 1978 825 2021 constitutionum
848 1986 893 2021 et
921 1978 1114 2021 instituti
1141 1977 1380 2034 ignoratio.
1412 1977 1516 2020 Fuit
1545 1983 1695 2020 autem

68 2069 231 2109 operae
253 2054 453 2110 precium
477 2062 522 2099 et
550 2055 755 2107 aliorum,
777 2055 853 2110 qui
883 2054 1164 2098 Bobadillam
1195 2055 1518 2111 sequebantur,
1549 2068 1697 2097 mores

68 2131 217 2186 aliqua
238 2147 295 2175 ex
315 2138 442 2187 parte
464 2131 626 2183 notari,
656 2133 666 2153 ¹
687 2139 735 2174 vt
757 2133 908 2175 nullus
937 2132 1125 2176 miretur
1147 2131 1184 2174 si
1206 2131 1268 2173 illi
1293 2134 1450 2174 Patres
1472 2130 1578 2173 huic
1606 2132 1693 2173 Bo—

71 2208 260 2252 badillae
282 2208 550 2251 sententiam
580 2216 893 2264 sequerentur;
918 2216 964 2252 et
992 2216 1141 2252 tamen
1170 2224 1263 2251 non
1294 2209 1451 2251 fraudo
1481 2207 1579 2250 illos
1602 2206 1696 2249 suis

72 2284 294 2337 laudibus,
315 2299 367 2328 ac
389 2300 445 2328 ne
469 2285 747 2329 Bobadillam
771 2286 968 2341 quidem.

156 2363 226 2406 De
248 2364 301 2405 Ρ.
325 2362 567 2406 Paschasio
585 2370 654 2405 sat
676 2362 749 2417 sit,
770 2365 891 2418 quod
912 2363 1121 2420 superius
1144 2363 1252 2416 dixi,
1278 2361 1490 2418 appellari
1513 2361 1694 2404 solitum

72 2452 98 2480 a
122 2439 172 2480 P.
198 2438 374 2494 Ignatio
397 2440 609 2495 angelum
633 2439 872 2484 Societatis
893 2447 1077 2497 propter
1104 2440 1300 2483 hominis
1328 2439 1604 2495 singularem
1622 2437 1693 2480 in—

73 2515 341 2558 nocentiam.

158 2592 210 2633 P.
242 2591 398 2636 Simon
426 2607 641 2648 magnum
671 2593 822 2636 attulit
852 2594 1048 2637 fructum
1078 2595 1123 2636 in
1156 2592 1451 2649 Portugallia:
1484 2592 1579 2648 ipse
1609 2591 1695 2634 fuit

65 2665 244 2709 initium
265 2668 377 2711 illud
398 2670 624 2714 excellens
646 2670 824 2726 collegij
844 2670 1229 2714 conimbricensis.

124 2743 198 2787 95
221 2746 272 2787 P.
301 2745 538 2789 Bobadilla
559 2745 605 2789 in
628 2748 875 2790 Germania
896 2749 1054 2799 multa,
1080 2762 1170 2790 non
1193 2747 1340 2790 solum
1370 2745 1585 2802 pericula,
1613 2747 1694 2790 sed

69 2819 255 2863 verbera
276 2820 411 2864 etiam
433 2823 572 2865 semel
593 2823 650 2866 ab
679 2824 916 2868 haereticis
937 2839 1097 2881 passus
1119 2830 1202 2868 est.
1236 2822 1518 2866 Contradixit
1546 2836 1693 2865 nouae

139 2924 150 2944 ¹
199 2926 268 2971 M.‚
298 2928 454 2962 notaui.
486 2927 612 2964 Aliter
640 2930 739 2965 hanc
769 2930 1004 2966 sententiam
1022 2930 1128 2976 prius
1147 2934 1394 2976 expresserat
1422 2928 1587 2974 Natalis,
1607 2928 1691 2971 sed,

70 2984 226 3019 mutatis
240 2985 324 3021 aliis
342 2987 487 3031 verbis,
506 2989 578 3023 hoc
596 3000 645 3023 ex
662 2989 857 3025 oblivione
876 3001 953 3026 non
971 2989 1208 3025 emendavit.
1250 3012 1259 3021 ·
