1958 3210
756 191 975 226 ΑΡΡΕΝΒΙΧ
1452 216 1455 219 -
1605 193 1671 238 671

37 302 132 338 tem
155 301 198 337 et
222 294 369 336 omnia
394 294 575 337 foelicia.
603 292 764 336 Literis
790 294 842 334 Ρ.
869 293 946 344 V.,
974 307 1086 347 quas
1111 294 1167 335 ad
1192 308 1262 336 me
1287 293 1489 349 proximo
1516 308 1673 337 mense

42 353 299 408 Septembri
329 353 466 405 dedit,
499 352 781 408 respondebo
812 366 890 406 per
917 351 1081 393 ocium.
1116 354 1252 394 Nunc
1282 353 1399 395 enim
1430 352 1677 395 scribendis

45 411 143 467 alijs
164 411 396 466 impedior,
423 419 468 454 et
491 417 698 467 properat
716 409 988 453 tabellarius.
1011 412 1112 453 Hoc
1130 413 1286 453 saltem
1311 419 1513 466 repetere
1532 412 1671 462 uolui,

47 472 167 525 quod
190 470 412 525 prioribus
434 471 566 512 etiam
590 469 701 513 meis
723 483 795 511 me
817 468 1012 512 scribere
1041 470 1240 523 memini,
1273 470 1486 512 nimirum
1516 470 1559 511 in
1590 473 1676 513 hoc

48 544 148 573 meo
178 529 566 584 Braunspergensi
594 528 785 583 collegio
813 542 903 569 non
932 543 1072 582 paruo
1103 529 1203 571 usui
1242 544 1341 572 esse
1380 529 1514 571 michi
1543 544 1675 584 posse

48 588 347 644 praesentiam
371 588 470 630 Rdi.
500 589 550 630 P.
580 586 851 630 Balthasaris
878 589 904 628 ¹.
932 588 1237 641 Quamobrem
1257 603 1282 630 a
1302 591 1351 630 P.
1375 590 1432 631 V.
1455 596 1560 643 peto
1578 590 1675 631 effi—

49 661 152 690 cere
174 647 298 697 uelit,
326 653 374 688 ut
396 646 433 688 is
456 647 575 701 apud
597 662 668 689 me
691 652 883 688 maneat.
912 646 1046 700 Quod
1065 646 1102 688 si
1120 646 1203 688 erit
1222 647 1381 701 aliquis
1400 662 1454 689 ex
1473 647 1584 689 meis
1603 649 1678 691 uel

50 705 249 748 Plociam
273 706 345 748 uel
369 705 625 748 Pultouiam
648 704 909 755 mittendus,
936 719 1028 746 non
1051 705 1194 747 dicam
1216 720 1414 758 causam,
1436 706 1679 761 quominus

49 764 252 807 mittatur
290 765 362 807 uel
403 766 453 806 P.
497 764 851 818 Christophorus
890 764 961 806 uel
1003 764 1115 806 alius
1154 764 1389 819 quispiam.
1435 766 1483 807 Id
1512 766 1624 808 adeo
1653 780 1679 807 a

50 825 102 866 P.
129 825 180 866 V.
207 822 446 878 diligenter
468 831 587 878 peto,
615 837 748 877 quam
769 821 846 863 diu
869 823 1039 863 saluam
1063 837 1161 865 esse
1184 823 1337 878 cupio,
1369 838 1532 877 meque
1562 823 1680 866 illius

45 882 323 924 orationibus
340 883 622 925 commendo.
642 884 809 924 Datum
827 896 882 923 ex
898 888 1044 923 castro
1060 896 1160 924 meo
1176 882 1472 937 Heilspergk,
1488 883 1560 925 die
1580 897 1678 926 XVII

44 941 212 984 mensis
226 941 489 984 Decembris
507 955 625 983 anno
639 939 819 982 Domini
840 954 871 982 M
910 955 955 982 D.
978 955 1080 983 LXV.
1102 942 1153 983 P.
1176 942 1232 983 V.
1259 942 1396 984 frater
1413 941 1458 983 in
1477 941 1676 984 Christo.

133 1002 316 1055 Quaeso
339 1000 353 1020 ²
379 1007 429 1041 ut
451 1000 704 1055 gratuletur
734 1001 861 1041 Rmo.
891 999 1011 1040 Patri
1036 999 1253 1054 generali,
1280 1001 1403 1054 quod
1427 1000 1522 1055 ipse
1546 1001 1681 1056 paulo

44 1066 145 1115 post
174 1059 313 1102 literis
343 1059 454 1101 meis
485 1059 635 1101 fatiam
666 1059 698 1109 ⁵,
731 1057 816 1099 nisi
846 1057 967 1111 quod
989 1072 1109 1100 nunc
1138 1059 1403 1113 occupatior
1433 1059 1512 1111 fui,
1546 1074 1679 1114 quam

45 1125 96 1160 ut
118 1118 355 1174 potuerim.

459 1177 777 1226 STANISLAUS,
808 1187 1095 1218 CARDINALIS
1128 1190 1440 1219 VARMOENffls.

139 1236 380 1290 Inscriptio
410 1235 458 1276 2572
488 1237 653 1289 quarta
675 1235 877 1289 pagiua:
900 1235 1011 1276 Rdo.
1046 1234 1090 1275 in
1123 1235 1305 1276 Christo
1331 1235 1471 1287 Patri,
1498 1234 1680 1278 domino

39 1294 207 1352 Joanni
232 1295 447 1345 Polanco,
473 1307 627 1336 sacrae
656 1293 910 1348 theologiae
933 1293 1123 1346 doctori,
1150 1302 1194 1337 et
1218 1294 1457 1337 Societatis
1474 1296 1584 1350 Jesu
1610 1309 1681 1337 se-

50 1353 254 1404 cretario,
282 1360 388 1404 etc.,
414 1352 459 1393 in
490 1352 670 1394 Christo
699 1351 828 1394 nobis
856 1351 1132 1394 charissimo.
1158 1354 1265 1394 Alia
1288 1368 1453 1395 manu:
1477 1355 1565 1396 Per
1588 1355 1681 1397 Ve-

49 1412 215 1455 netiam
249 1412 294 1467 [?]
328 1413 535 1454 Romam.
582 1411 710 1464 1565.
750 1411 1049 1467 Helispergh.
1089 1413 1214 1453 card.
1260 1412 1503 1455 varmiens.
1549 1423 1598 1466 17
1637 1412 1683 1454 di

47 1473 182 1515 X.b¹‘e
205 1471 362 1527 sigilli
383 1471 646 1527 vestigium.

823 1600 903 1641 LV

492 1680 927 1716 STANISLAUS
967 1680 1221 1717 HOSIUS

633 1751 839 1787 cardinalis
858 1752 1089 1786 varmiensis

462 1838 644 1868 SANCTO
688 1836 958 1874 FRANCISCO
1002 1838 1064 1867 DE
1109 1838 1259 1877 BORJA

325 1908 638 1963 Heilsbergae,
675 1913 777 1962 post
821 1918 871 1960 17
911 1907 1175 1950 Decembris
1216 1909 1324 1962 1565
1364 1908 1395 1950 4.

48 1993 154 2028 Eum
172 1993 218 2027 de
236 2003 310 2026 sua
333 1991 518 2026 electione
543 1991 586 2025 in
611 1991 889 2036 praepositum
917 1991 1154 2036 generalem
1168 1991 1396 2025 -·Societcztis
1422 1991 1680 2037 gratulatur.

137 2065 247 2107 Rde.
275 2062 484 2112 Domine,
511 2063 646 2106 frater
668 2061 713 2103 in
745 2060 928 2104 Christo
951 2061 1230 2104 charissime.
1259 2062 1355 2104 Etsi
1376 2061 1548 2117 pridem
1573 2062 1680 2105 alla-

46 2130 144 2166 tum
162 2125 252 2165 huc
275 2123 421 2165 fuerat
444 2123 565 2164 Ram
594 2123 719 2164 D.em
743 2122 884 2171 V.am‚
905 2120 1036 2163 cuius
1059 2120 1255 2177 insignis
1285 2121 1431 2176 pietas
1461 2128 1556 2163 toto
1577 2135 1667 2163 cae

45 2183 247 2226 lebratur
270 2181 362 2238 [sic]
388 2180 434 2223 in
458 2181 582 2232 orbe,
607 2194 783 2223 summa
806 2193 911 2221 cum
934 2180 1173 2223 voluntate
1198 2180 1397 2222 omnium
1417 2186 1462 2222 et
1486 2179 1681 2223 incredi—

46 2241 125 2284 bili
147 2242 340 2295 quodam
364 2254 605 2291 consensu,
626 2245 808 2282 sanctae
831 2237 1071 2282 Societatis
1091 2241 1188 2281 Iesu
1217 2238 1519 2294 praepositum
1538 2253 1681 2294 gene-

49 2301 186 2344 ralem
209 2314 307 2342 esse
329 2299 628 2354 designatam3
655 2297 866 2353 quoniam
891 2304 1042 2340 tamen
1060 2314 1115 2341 ex
1135 2299 1247 2340 vrbe
1264 2298 1411 2340 nullas
1430 2304 1535 2340 ante
1552 2312 1680 2340 men—

46 2373 143 2403 sem
166 2359 464 2402 Decembrem
493 2372 546 2400 ea
568 2358 623 2399 de
661 2371 708 2398 re
744 2356 917 2399 litteras
949 2357 1217 2412 acceperim,
1259 2357 1552 2399 differendam
1583 2371 1681 2400 esse

50 2417 159 2460 duxi
181 2432 326 2461 meam
350 2415 761 2472 gratulationemin
778 2415 823 2457 id
838 2429 982 2470 Vsque
1000 2422 1196 2471 tempus,
1219 2430 1310 2470 quo
1328 2415 1495 2458 certius
1513 2415 1682 2470 aliquid

20 2477 21 2480 ’
48 2479 135 2519 hac
157 2477 213 2520 de
235 2491 282 2519 re
304 2489 579 2531 cognoscere
601 2474 816 2516 licuisset.
843 2476 942 2518 Deo
971 2474 1140 2530 gratias
1171 2489 1275 2529 ago,
1303 2474 1433 2516 cuius
1461 2475 1681 2518 beneficio

3 2583 6 2590 Δ
52 2537 220 2578 factum
250 2542 334 2587 est,
365 2541 430 2586 vt,
461 2548 553 2577 non
583 2534 730 2577 solum
768 2533 873 2575 huic
903 2535 917 2555 ⁵
955 2541 1140 2577 sanctae
1179 2533 1414 2586 Societati,
1448 2548 1606 2577 verum
1636 2540 1683 2576 et

125 2678 134 2697 ¹
185 2673 408 2710 Hostovini.

119 2725 133 2744 2
183 2723 291 2757 Haec
309 2721 569 2767 paragraphus
586 2731 674 2754 cum
692 2719 976 2766 subscriptione
996 2725 1086 2756 sunt
1105 2721 1373 2766 autographa„

119 2771 133 2790 5
186 2769 284 2804 Vide
303 2768 484 2815 append„
505 2768 585 2802 LV.

119 2818 133 2838 ⁴
182 2817 239 2851 Ex
257 2818 480 2862 archetypo,
497 2815 535 2849 in
553 2814 647 2849 Cod.
666 2815 726 2860 38,
740 2813 886 2860 duplici
899 2812 981 2858 f01.‚
1004 2812 1063 2848 131
1083 2814 1197 2857 (208).
1217 2814 1363 2849 Charta
1377 2814 1608 2850 humiditate
1624 2819 1684 2850 est

25 2860 286 2910 consumpta,
305 2868 344 2898 et
362 2863 402 2897 in
419 2874 463 2898 ea
482 2867 601 2908 parte,
624 2862 691 2897 ubi
715 2861 798 2896 sine
816 2860 934 2896 dubio
954 2860 1078 2895 inerat
1102 2862 1358 2907 subscriptio,
1386 2867 1575 2898 resecata.
1595 2862 1682 2897 Par-

49 2916 127 2946 tem
145 2911 258 2956 hujus
277 2910 463 2956 epistolae
481 2909 602 2944 edidit
619 2908 846 2955 Sacchinus,
868 2909 939 2943 loc.
960 2908 1042 2951 cit.,
1062 2913 1176 2954 part.,
1196 2910 1270 2950 111,
1294 2909 1361 2944 lib.
1382 2909 1411 2952 1,
1435 2921 1473 2944 n.
1493 2909 1552 2945 33.

120 2959 134 2981 ⁵
184 2959 271 3002 Ms.‚
296 2958 432 2993 huius.
