1958 3210
211 183 281 229 314
773 181 911 215 EPIST.
939 179 982 214 P.
1012 176 1282 224 NADAL-287

210 288 354 328 anche
380 287 416 327 s’
441 285 465 326 e
489 284 594 325 dato
616 281 835 338 principio
858 295 883 323 a
905 281 1055 336 quello
1079 280 1124 322 di
1147 281 1329 324 Tolosa.
1355 283 1654 327 Domandano
1682 291 1838 340 gente,

206 370 255 407 ‘et
278 363 436 405 adesso
459 361 514 403 de
537 362 679 402 Roma
696 358 795 402 selli
811 358 1036 401 mandano
1053 359 1112 411 X,
1127 364 1172 401 et
1189 359 1275 401 alla
1291 359 1354 401 fin
1371 359 1489 402 della
1512 366 1655 405 estate
1672 362 1842 406 andara

210 439 240 480 il
263 440 315 481 P.
344 436 547 481 Oliuerio
570 450 659 478 con
682 434 799 477 altri.

296 528 338 568 4.
406 516 493 557 Per
529 514 688 556 lettere
717 512 762 554 di
792 522 845 566 25
876 511 921 554 di
960 511 1114 569 Magio
1142 511 1188 555 di
1215 512 1422 556 Louanio
1451 512 1729 558 intendiamo
1758 517 1842 559 che

208 592 312 647 quel
334 598 490 634 senato
513 589 588 646 gia
605 604 682 634 era
705 590 904 632 resoluto
921 589 978 632 de
995 596 1194 634 accettar
1211 589 1256 631 in
1275 589 1381 633 tutti
1403 590 1434 633 li
1456 591 1581 634 modi
1597 590 1628 633 11
1650 592 1842 649 collegio

207 675 377 721 nostro,
403 674 448 710 et
470 667 619 710 dando
642 666 800 723 agiuto
822 681 902 722 per
923 666 966 709 la
1003 666 1357 720 sustentatione,
1398 668 1576 711 benche
1613 667 1841 713 ricercaua

207 744 453 788 conditioni
485 743 665 788 diuerse
698 757 777 799 per
810 743 950 788 ueder
983 758 1032 786 se
1064 742 1210 799 potria
1245 750 1423 787 ottener
1452 745 1678 799 qualcuna
1706 760 1841 789 senza

206 822 368 878 quelle,
394 823 501 877 pero
524 820 733 864 scriueno
755 822 983 864 accettara
1003 819 1034 862 il
1057 820 1252 877 collegio
1278 822 1306 864 ¹.
1328 821 1386 864 Di
1405 836 1494 877 qua
1517 821 1613 865 selli
1637 823 1661 866 6
1683 822 1839 867 scritto

206 898 365 942 stiamo
395 898 498 941 forti
527 913 552 941 a
581 912 672 940 non
706 904 904 941 accettar
935 897 1196 940 conditione
1232 897 1371 941 niuna
1400 900 1483 942 che
1520 914 1610 942 non
1642 914 1694 943 ce
1722 900 1839 943 torni

203 977 333 1019 bene.
367 977 470 1019 Non
499 989 571 1018 me
599 975 811 1019 stendero
840 975 886 1018 in
914 975 1042 1018 altro.
1076 976 1134 1019 N.
1169 977 1221 1018 P.
1255 975 1482 1031 preposito
1512 983 1557 1018 et
1587 976 1692 1019 tutti
1714 977 1755 1020 61
1777 977 1840 1020 ri-

203 1052 560 1096 commandiamo
590 1053 708 1097 nelle
736 1052 928 1096 orationi
960 1067 990 1108 y
1017 1051 1224 1096 sacrificii
1253 1052 1298 1095 di
1326 1054 1383 1096 V.
1417 1055 1470 1096 R.
1501 1069 1530 1109 y
1559 1054 1617 1098 de
1650 1061 1769 1098 tutto
1797 1055 1838 1098 61

201 1130 395 1187 collegio
416 1130 677 1174 viennense.
706 1129 764 1173 Di
788 1131 974 1182 Trento,
1000 1129 1031 1172 li
1050 1142 1104 1173 22
1123 1129 1168 1172 di
1192 1130 1321 1187 Junio
1351 1131 1477 1185 1563.

964 1301 1083 1342 287

673 1404 716 1440 P.
746 1402 986 1450 JOANNES
1013 1405 1083 1439 DE
1109 1403 1361 1442 POLANCO

840 1511 888 1534 ex
915 1499 1190 1535 commissione

456 1584 701 1627 PATRI
749 1585 1246 1629 HIERONYMO
1296 1586 1576 1630 NADAL

733 1687 947 1725 TRIDENTI,
973 1688 1018 1714 22
1036 1688 1140 1723 JUNn
1162 1679 1253 1723 1563
1270 1682 1298 1715 2.

239 1762 299 1798 De
327 1763 468 1797 Patris
495 1761 679 1798 Adriani
706 1763 952 1809 exemptione
977 1763 1026 1798 ab
1049 1763 1272 1799 obedientia
1295 1765 1551 1810 superiorum
1583 1765 1779 1808 omnium,

545 1823 668 1857 etiam
682 1823 1005 1869 provincialium
1024 1826 1060 1858 et
1078 1824 1465 1860 commissariorum.

279 1905 327 1949 Si
350 1905 497 1949 scriue
520 1906 563 1948 al
586 1907 639 1949 P.
665 1906 801 1949 Natal
823 1914 868 1950 et
890 1907 932 1949 31
957 1909 1008 1950 Ρ.
1037 1907 1265 1950 Everardo
1283 1908 1297 1928 ⁵
1316 1908 1433 1951 della
1451 1907 1737 1965 exemptione
1755 1909 1827 1953 del

191 1982 243 2025 P.
266 1982 468 2026 Adriano
485 1984 517 2026 ¹⁴.

261 2110 272 2129 ¹
324 2107 422 2143 Vide
443 2108 558 2155 epist.
581 2108 664 2153 268,
683 2121 726 2144 n.
749 2116 784 2153 73
803 2114 842 2144 et
861 2110 945 2155 281,
964 2121 1006 2145 n.
1032 2118 1088 2144 12.

258 2170 271 2188 2
322 2168 379 2202 Ex
405 2168 594 2214 Regesto,
617 2167 716 2204 Cod.
743 2178 786 2214 33
811 2169 869 2214 d),
896 2168 936 2203 ff.
957 2168 1016 2211 86,
1044 2169 1102 2214 87.
1136 2168 1218 2204 Sub
1236 2168 1339 2204 diem
1370 2178 1414 2203 22
1445 2168 1552 2215 Junii
1583 2169 1622 2204 in
1651 2170 1823 2216 Regesto

189 2227 333 2261 mentio
351 2226 393 2262 fit
412 2227 460 2262 de
485 2228 650 2274 epistola
676 2229 747 2263 hac
765 2228 828 2263 die
853 2228 902 2263 ad
927 2229 1106 2264 Natalem
1125 2229 1227 2264 data.
1255 2229 1343 2275 Ipsa
1361 2241 1454 2264 vero
1480 2229 1643 2276 epistola
1666 2230 1721 2265 ibi
1744 2242 1822 2266 non

186 2286 391 2332 reperitur,
411 2287 480 2322 sed
499 2287 631 2323 brevis
650 2287 834 2324 indicatio
854 2289 1076 2335 argumenti
1095 2288 1213 2334 illius,
1229 2294 1271 2324 ut
1290 2300 1405 2335 supra
1423 2290 1601 2324 habetur.

257 2346 270 2366 ³
321 2346 410 2392 Ms.,
439 2347 631 2382 Verardo.

254 2404 268 2424 ⁴
318 2406 360 2443 P.
382 2405 576 2442 Adrianus
598 2406 898 2454 Adriae‘nssens,
917 2407 966 2442 de
985 2419 1062 2454 quo
1080 2419 1197 2454 saepe
1211 2408 1358 2443 dictum
1374 2413 1434 2443 est
1453 2408 1491 2443 in
1510 2408 1569 2443 his
1589 2409 1820 2446 MONUMEN-

183 2471 260 2499 TIS.
281 2465 339 2499 En
358 2466 523 2511 epistola
542 2465 590 2500 ad
608 2465 735 2513 ipsum
754 2478 775 2502 a
794 2467 976 2511 Polanco,
992 2467 1148 2502 nomine
1163 2468 1288 2502 Patris
1304 2467 1461 2513 Lainez,
1477 2467 1580 2503 data:
1598 2468 1664 2502 «P.
1685 2467 1819 2503 Adria-

183 2524 379 2558 no.—Pax
398 2525 490 2571 Xpi.
516 2544 534 2549 —
548 2526 781 2562 Reverende
796 2527 925 2562 Pater.
943 2527 1109 2573 Accepit
1124 2527 1240 2562 Pater
1259 2533 1392 2562 noster
1409 2527 1651 2574 praepositus
1669 2527 1818 2563 litteras

184 2590 227 2627 25
247 2583 338 2628 Maji
356 2583 481 2630 datas,
501 2590 541 2620 et
559 2597 607 2620 ex
626 2585 703 2621 illis
722 2591 762 2621 et
779 2585 864 2622 aliis
884 2586 1157 2633 prolixioribus
1173 2587 1357 2632 colligere
1373 2587 1499 2633 potuit
1516 2586 1618 2633 quod
1636 2586 1820 2633 expediat

182 2641 266 2677 R.m
284 2643 406 2677 Tuam
433 2645 481 2679 ab
505 2645 729 2681 obedientia
753 2645 925 2682 omnium
944 2646 1106 2682 aliorum
1125 2647 1384 2693 superiorum,
1405 2646 1489 2681 siue
1507 2645 1816 2693 prouincialium,

180 2700 265 2735 siue
283 2702 636 2739 commissariorum
660 2705 848 2752 eximere,
868 2711 908 2741 et
931 2706 1007 2741 sibi
1034 2706 1259 2741 immediate
1288 2707 1349 2741 uel
1376 2706 1551 2752 generali
1581 2706 1816 2753 praeposito,

181 2759 413 2807 quicumque
430 2762 504 2798 sibi
523 2764 772 2810 successerit,
788 2776 1002 2809 reseruare,
1019 2765 1068 2800 de
1083 2765 1130 2800 iis
1149 2765 1420 2811 intelligendo,
1435 2777 1534 2812 quae
1549 2765 1595 2800 ad
1611 2777 1816 2812 personam

181 2818 272 2852 R.ae
294 2820 386 2855 V‚ae
407 2821 616 2867 pertinent3
633 2835 711 2858 non
725 2824 773 2859 de
788 2824 850 2871 iis,
866 2837 964 2871 quae
979 2824 1027 2860 ad
1041 2825 1249 2870 collegium
1264 2825 1338 2872 ipsi
1353 2825 1617 2869 commissum3
1634 2824 1815 2872 quoniam

181 2877 282 2912 bona
300 2877 383 2913 eius
401 2882 634 2925 gubernatio
653 2883 777 2929 exigit
797 2889 838 2919 ut
857 2883 1214 2919 subordinationem
1234 2885 1376 2919 habeat
1395 2895 1483 2919 cum
1503 2884 1587 2919 aliis
1606 2884 1814 2930 praedictis

180 2936 457 2984 superioribus3
474 2940 544 2975 sed
558 2943 686 2977 nullus
701 2954 850 2990 eorum,
866 2943 906 2979 in
920 2943 982 2990 iis,
997 2955 1096 2990 quae
1111 2944 1159 2978 ad
1177 2955 1382 2990 personam
1399 2944 1492 2978 V·ae
1510 2944 1601 2978 R‚ae
1620 2949 1812 2990 spectant,

176 2995 385 3043 quicquam
416 2998 576 3036 iubendi
600 3000 825 3038 facultatem
856 3003 1029 3047 habebit;
1057 3008 1096 3039 et
1120 3003 1174 3039 ita
1198 3003 1254 3038 eis
1285 3003 1581 3049 significabitur.
1612 3002 1813 3039 Secretam
