1958 3210
270 178 317 215 38
837 184 879 218 P.
910 168 1096 221 NATALIS
1123 186 1341 223 EPHEMER.

268 283 348 326 sed
372 281 482 324 nihil
505 282 651 326 solidi:
679 298 837 339 parum
860 285 967 330 inde
989 287 1226 331 retulimus
1248 289 1358 345 spei.
1381 290 1614 346 Redijmus
1637 292 1906 350 Ferrariam,

267 359 402 410 vnde,
429 360 565 402 rebus
588 360 863 415 constitutis,
889 362 1098 406 venimus
1120 379 1200 420 per
1224 374 1400 410 montes
1418 368 1601 411 Ienuam
1629 369 1657 410 ¹.

356 477 433 519 59
454 491 488 519 v
991 483 1174 526 IENUAE

354 589 419 632 Ibi
457 597 554 633 erat
591 591 679 634 iam
718 593 919 637 Loartes.
959 594 1169 638 Visitaui.
1205 596 1395 652 Egimus
1427 599 1483 643 de
1521 600 1654 643 domo
1684 615 1903 655 quorum—

266 668 369 709 dam
387 668 770 723 presbyterorum,
798 684 914 725 quae
932 671 1140 715 condicio
1166 673 1275 715 mihi
1298 689 1389 718 non
1412 676 1596 731 placuit.
1630 677 1820 734 Egimus
1848 680 1906 723 de

265 743 349 788 Sti.
377 744 501 800 Syri:
528 752 625 789 erat
648 761 720 790 res
742 761 937 803 magnae
966 747 1229 792 dificultatis
1258 758 1303 794 et
1332 753 1658 808 occupationis,
1686 761 1731 797 et
1754 762 1905 798 tamen

263 821 356 863 dixi
380 837 462 865 nos
485 837 617 878 posse
639 837 794 866 curam
819 824 1070 868 animarum
1089 826 1294 882 accipere
1317 842 1374 871 ex
1391 836 1546 872 nostro
1563 830 1787 883 instituto,
1813 847 1905 875 non

264 905 313 941 vt
336 899 522 955 parochi
544 901 729 945 habent.
758 901 845 957 Egi
868 902 925 946 de
953 902 1158 947 aedificio
1181 911 1226 947 et
1258 919 1392 960 opere
1421 907 1663 950 Saulorum
1692 907 1739 950 in
1768 910 1900 961 colle,

264 990 380 1031 quae
403 992 560 1021 rursus
583 986 679 1021 erat
702 978 816 1022 ratio
839 978 1078 1035 impedita:
1105 980 1239 1024 simul
1261 982 1337 1038 egi
1360 997 1463 1025 cum
1487 984 1720 1040 Stephano
1742 986 1899 1038 Saulo‚

262 1054 349 1097 60
372 1054 449 1110 qui
478 1056 659 1098 volebat
690 1055 844 1100 nescio
873 1054 1157 1115 [quodnam?]
1181 1073 1314 1102 suum
1344 1074 1459 1116 opus
1486 1061 1766 1118 coniungere
1795 1076 1899 1106 cum

261 1138 433 1174 nostro:
460 1147 543 1175 nec
567 1135 652 1175 hoc
674 1134 910 1177 successit.

350 1210 554 1253 Tandem
598 1225 837 1255 necessum
888 1212 973 1255 fuit
1002 1228 1056 1256 ex
1105 1213 1249 1257 solitis
1298 1215 1596 1271 eleemosynis
1641 1216 1773 1259 Pauli
1800 1218 1898 1260 Do-

261 1285 369 1338 riae,
395 1294 503 1339 eto,
529 1287 686 1330 viuere
708 1296 754 1332 et
776 1288 971 1333 retinere
989 1289 1109 1333 illam
1127 1292 1311 1333 domum
1335 1307 1471 1348 supra
1495 1293 1692 1336 furnum.
1716 1294 1896 1336 Consu—

258 1363 406 1406 ]ebam
428 1364 582 1407 Loarti
604 1373 653 1407 vt
676 1381 733 1410 ne
756 1365 885 1409 initio
909 1367 1255 1412 concionaretur
1273 1368 1317 1410 in
1337 1384 1514 1412 summo
1533 1371 1716 1426 templo,
1743 1386 1799 1414 ne
1817 1385 1896 1415 co-

257 1448 443 1497 geretur
474 1443 655 1499 regredi
678 1444 734 1485 ad
757 1443 985 1487 inferiora:
1018 1444 1186 1488 indulsi
1215 1445 1313 1489 eius
1336 1446 1646 1502 propensioni‚
1673 1455 1718 1492 et
1741 1448 1898 1492 euenit

257 1517 320 1560 illi
343 1520 464 1575 quod
487 1519 703 1564 dixeram.
732 1521 840 1564 Inde
870 1521 975 1566 veni
997 1523 1272 1582 Florentiam
1297 1525 1329 1566 2.

347 1639 416 1681 61
916 1643 1232 1686 FLORENTIAE

343 1752 409 1795 Ibi
439 1761 535 1798 erat
564 1754 621 1797 D.
654 1754 847 1811 Diegus,
881 1762 1040 1811 gratus
1069 1756 1326 1810 duchissae‚
1353 1757 1429 1813 qui
1459 1765 1554 1802 erat
1583 1757 1624 1802 ei
1656 1765 1888 1814 acceptus.

255 1831 391 1873 Nulla
413 1830 486 1874 hic
509 1838 605 1874 erat
629 1839 738 1875 tunc
766 1847 870 1888 spes
895 1833 1114 1876 fundandi
1137 1834 1335 1890 collegij:
1364 1842 1539 1877 tantum
1564 1836 1701 1878 dabat
1725 1848 1809 1878 200
1839 1846 1882 1881 Δ

253 1907 480 1951 duchissa.
510 1908 721 1961 Visitaui,
748 1917 836 1952 etc.
864 1910 1054 1966 Egimus
1077 1911 1133 1955 de
1171 1911 1379 1955 aedificio
1403 1927 1472 1965 eo,
1500 1913 1621 1967 quod
1639 1920 1797 1968 postea
1822 1913 1892 1955 fa«

253 1991 378 2028 ctum
400 1992 485 2028 est.
512 1987 622 2030 Inde
644 1988 850 2029 Romam.

342 2106 421 2148 62
580 2108 754 2150 ROMAE
779 2121 839 2150 EX
865 2121 1094 2151 Missromz
1118 2123 1267 2152 PRIMA
1290 2122 1571 2152 GERMANICA

340 2218 429 2262 Hic
452 2219 564 2262 nihil
587 2220 662 2276 egi
685 2236 740 2264 ex
758 2220 921 2274 officio;
943 2222 1024 2264 sed
1042 2220 1242 2264 intellexi
1253 2221 1402 2278 'fuisse
1424 2221 1655 2277 ingratum
1675 2223 1726 2264 P.
1749 2223 1889 2278 lgna-

250 2295 330 2349 tio,
371 2297 493 2352 quod
516 2311 607 2340 non
629 2312 701 2342 me
723 2297 785 2341 ita
814 2297 1057 2353 gessissem
1087 2313 1192 2340 cum
1216 2301 1268 2341 Ρ.
1296 2300 1467 2354 Layne,
1493 2306 1541 2340 vt
1575 2298 1671 2354 ipse
1705 2313 1885 2354 speras—

249 2381 333 2416 set.
361 2375 623 2430 Antequam
653 2376 946 2420 ascenderem
974 2376 1030 2418 ad
1054 2377 1106 2419 P.
1133 2376 1375 2432 Ignatium,
1408 2383 1632 2420 venerunt
1660 2376 1769 2418 mihi
1802 2377 1887 2418 ob—

250 2451 369 2494 uiam
394 2454 445 2495 P.
473 2454 653 2508 Laynes
677 2460 722 2497 et
743 2453 978 2497 Salmeron
996 2453 1259 2497 nuntiantes
1276 2468 1348 2497 me
1366 2453 1518 2496 statim
1537 2455 1593 2496 ad
1617 2453 1885 2509 Hispaniam

246 2526 564 2588 [mittenduni],
592 2531 714 2585 quod
736 2529 966 2585 displicuit
989 2532 1041 2573 P.
1069 2530 1262 2587 Ignatio,
1289 2538 1338 2573 vt
1361 2531 1484 2586 prius
1507 2545 1562 2573 ex
1580 2530 1666 2573 illis
1690 2545 1778 2587 ego
1800 2544 1879 2573 au-

247 2605 388 2650 direm
413 2607 470 2650 de
485 2606 561 2650 illa
578 2606 806 2651 missione.
829 2609 920 2650 Iam
938 2614 1125 2650 venerat
1142 2609 1199 2650 D.
1228 2607 1478 2651 Madridius
1495 2609 1695 2650 domum.
1718 2609 1826 2650 Erat
1854 2607 1860 2664 Ι

245 2684 396 2726 adhuc
419 2684 564 2726 Sestor
585 2687 754 2727 Doctor
783 2686 813 2738 ³,
835 2686 1031 2728 habebat
1060 2699 1213 2728 curam
1237 2685 1512 2729 valetudinis
1538 2688 1589 2728 Ρ.
1622 2685 1804 2741 Ignatij:
1832 2686 1890 2728 de

320 2829 328 2847 ¹
383 2827 559 2862 Vacuum
579 2828 758 2863 relictum
777 2828 851 2864 fuit
869 2827 940 2863 fol.
967 2836 1012 2873 59
1031 2840 1066 2863 r.

313 2888 326 2907 ‘-‘
379 2887 442 2921 Nil
464 2887 502 2922 in
522 2886 568 2922 ff.
593 2888 640 2922 60
661 2900 698 2932 v,
714 2888 757 2922 61
780 2900 822 2924 V.
847 2887 1037 2934 scriptum
1056 2892 1134 2922 est.

314 2946 328 2966 ³
379 2946 414 2980 Ι.
439 2958 478 2981 6.
504 2947 676 2982 nondum
695 2948 822 2983 Pater
846 2947 1028 2988 Madrid,
1048 2947 1115 2982 sed
1133 2947 1282 2982 Docto‘r
1301 2947 1469 2983 Affadrid
1502 2948 1815 2995 nuncupabatur,
1835 2958 1884 2982 60

241 3005 345 3051 quod
359 3005 398 3041 in
421 3006 601 3042 tirocinio
620 3012 859 3043 versaretur.
