1958 3210
807 159 1009 196 Ι554-Ῑ555
1702 165 1726 198 9

93 257 285 313 collegio
306 255 448 311 regio.
469 254 724 309 Collegium
742 252 1006 309 perusinum
1024 252 1277 296 inchoatur.
1298 253 1557 310 Collegium
1575 268 1726 311 eugu-

96 334 251 377 binum
273 332 549 374 inchoatum.
577 331 778 374 Vocatur
800 329 846 372 in
884 329 1055 372 Italiam
1086 331 1138 372 P.
1171 329 1303 373 Viola
1329 343 1384 372 ex
1407 330 1556 374 Gallia
1584 332 1726 374 Lute-

98 410 228 454 ciam:
254 409 298 451 in
320 407 418 450 eius
439 408 588 450 locum
610 406 804 449 mittitur
821 408 874 449 P.
904 405 1191 449 Paschasius.

189 528 270 571 36
413 515 421 519 ”
847 529 990 577 [15]54

187 641 441 697 Collegium
459 640 742 683 cordubense
757 638 986 679 fundatur.
1000 636 1255 692 Collegium
1269 639 1525 680 conchense
1540 638 1727 681 inchoa—

101 727 184 762 tur.
214 717 476 762 Persecutio
505 722 762 758 nostrorum
793 713 1015 756 Lutetiae.
1050 715 1101 756 P.
1140 713 1412 757 Paschasius
1440 714 1729 770 prouincialis

97 795 271 840 Galliae
294 794 478 850 primus.
507 791 762 847 Collegium
786 796 1058 846 granatense
1081 804 1133 832 ac
1155 789 1412 845 hispalense
1433 798 1620 833 sumunt
1642 791 1728 833 ini—

99 873 224 915 tium.
252 869 562 926 Congregatio
591 866 831 910 nationalis
860 868 1134 922 Metymnae:
1160 866 1429 909 diuiduntur
1449 867 1725 922 prouinciae,

99 955 310 993 creantur
325 946 625 1003 prouinciales
641 957 684 998 4,
702 958 753 987 ac
770 942 1103 986 commissarius
1117 942 1359 999 generalis.
1378 944 1428 985 In
1443 944 1730 1000 Monteregio

100 1026 337 1068 inchoatur
359 1023 618 1079 collegium,
643 1028 688 1064 et
718 1021 1110 1076 Caesaraugustae
1133 1019 1179 1061 in
1203 1018 1370 1063 Sicilia.
1396 1021 1453 1063 D.
1482 1020 1731 1063 Madridius

103 1101 365 1157 adiungitur
377 1099 609 1145 Societati.
641 1097 647 1156 Ι
675 1100 849 1140 Domus
861 1096 1362 1152 probationisfundatur
1373 1096 1730 1141 Simancae.Re-·

101 1179 165 1222 dit
187 1181 373 1222 Romam
394 1180 445 1220 P.
472 1175 661 1220 Natalis.
689 1174 938 1218 Contendit
961 1188 1038 1216 rex
1061 1188 1352 1215 romanorum
1375 1174 1495 1229 apud
1519 1174 1681 1216 Iulium
1706 1188 1730 1228 3

101 1262 150 1298 vt
171 1258 233 1299 M.
262 1253 470 1298 Canisius
493 1258 723 1297 crearetur
750 1249 1009 1294 viennensis
1033 1249 1293 1305 episcopus,
1319 1257 1476 1293 contra
1499 1250 1732 1294 annitente

103 1334 155 1376 P.
182 1331 358 1388 Ignatio
381 1345 432 1373 ac
456 1333 508 1373 P.
531 1328 732 1373 Canisio.
755 1328 957 1370 Tandem
975 1341 1218 1382 persuasus
1236 1342 1315 1371 rex
1331 1327 1518 1370 destitit.
1541 1329 1730 1370 Inchoa-

102 1416 197 1452 tum
215 1407 455 1464 collegium
475 1419 725 1463 genuense:
747 1411 929 1461 apertae
947 1404 1130 1446 scholae
1147 1403 1397 1446 litterarum
1415 1403 1732 1447 humaniorum

103 1500 154 1529 ac
171 1484 501 1542 grammatices.
522 1486 756 1539 Inceptum
775 1480 1017 1537 collegium
1035 1481 1334 1524 lauretanum:
1354 1488 1537 1537 apertae
1552 1483 1735 1526 scholae

102 1563 330 1606 literarum
345 1561 681 1613 humaniorum,
699 1574 886 1603 casuum
901 1557 1205 1601 conscientiae
1217 1573 1269 1601 ac
1286 1559 1471 1614 logices.
1487 1561 1733 1602 Decretum

105 1639 331 1683 facultatis
354 1638 610 1694 theologiae
632 1636 890 1693 parisiensis
912 1642 1068 1678 contra
1091 1635 1362 1679 Societatem
1385 1636 1529 1692 prima
1545 1636 1619 1680 die
1640 1638 1734 1679 De-

106 1716 312 1760 cembris.
338 1714 576 1771 Designati
600 1716 652 1757 P.
688 1715 912 1757 Iohannes
940 1712 1120 1756 Nunius
1150 1711 1241 1768 (qui
1272 1712 1420 1756 fuerat
1442 1727 1608 1768 magno
1631 1727 1735 1756 cum

106 1795 255 1837 fructu
274 1800 479 1837 versatus
496 1791 678 1835 Tituani
694 1790 739 1833 in
755 1790 942 1846 Africa),
962 1792 1013 1833 P.
1034 1789 1243 1840 Ouedus,
1262 1791 1314 1832 P.
1336 1789 1579 1832 Carnerius
1602 1791 1612 1811 ¹
1631 1804 1735 1832 cum

111 1885 162 1915 10
184 1871 282 1926 alijs
303 1877 352 1912 vt
373 1870 659 1912 mitterentur
680 1868 727 1911 in
751 1866 1069 1923 Aethyopiam,
1096 1873 1141 1910 et
1172 1880 1195 1921 3
1219 1867 1281 1909 illi
1304 1866 1503 1923 episcopi
1526 1873 1633 1910 sunt
1655 1867 1735 1910 de-

107 1947 258 1991 stinati
281 1954 326 1992 et
350 1949 402 1990 P.
429 1945 608 1990 Nunius
631 1944 900 2001 patriarcha.

193 2061 266 2104 37
849 2063 993 2109 [15]55

197 2182 470 2223 Inchoantur
507 2192 559 2222 ac
597 2178 891 2221 aedificantur
929 2176 1121 2232 collegia
1159 2176 1356 2220 Mursiae
1378 2183 1424 2219 et
1458 2177 1733 2221 Placentiae.

109 2258 389 2315 Aperiuntur
425 2257 607 2300 scholae
644 2254 918 2298 Placentiae.
965 2253 1221 2297 Instituitur
1257 2254 1419 2296 domus
1461 2254 1740 2310 probationis

112 2336 365 2380 Cordubae.
398 2333 470 2377 Fit
499 2335 551 2376 P.
584 2331 759 2376 Natalis
788 2331 1014 2388 generalis
1048 2330 1405 2384 commissarius,
1438 2331 1511 2375 vel
1543 2331 1741 2374 vicarius

112 2412 252 2457 totius
281 2411 535 2462 Societatis,
567 2408 787 2465 suffragio
817 2421 874 2462 40
903 2392 1206 2460 sacerdotum,
1246 2415 1292 2451 et
1322 2408 1510 2451 fratrum
1538 2414 1739 2464 praeter-

110 2504 178 2543 ea,
203 2488 280 2544 qui
303 2490 471 2531 Romae
492 2494 636 2539 erant,
662 2492 707 2530 et
737 2486 863 2528 iussu
894 2487 947 2528 P.
982 2485 1168 2541 Ignatij;
1200 2492 1245 2528 et
1266 2486 1401 2541 paulo
1423 2491 1526 2541 post
1547 2485 1741 2528 mittitur

110 2581 213 2610 cum
234 2566 386 2622 legato
424 2563 639 2607 cardinali
671 2566 862 2608 Morono
894 2563 950 2606 ad
982 2569 1261 2605 conuentum
1290 2561 1567 2618 imperialem
1591 2562 1742 2605 socius

109 2645 161 2687 P.
182 2643 340 2698 Laynj:
362 2642 497 2695 vnde,
514 2655 670 2696 quum,
692 2639 846 2683 audita
862 2647 1006 2683 morte
1023 2639 1120 2694 Iulij
1137 2638 1289 2681 statim
1306 2639 1423 2682 redit
1439 2638 1680 2682 cardinalis
1696 2646 1743 2682 et

109 2722 162 2764 P.
188 2721 382 2776 Laynes,
413 2718 420 2777 Ι
447 2717 660 2774 Dilingae
682 2716 925 2773 collegium
943 2730 999 2759 ex
1023 2715 1162 2772 legati
1185 2722 1231 2758 et
1257 2715 1502 2772 augustani
1527 2716 1743 2759 facultate

108 2796 323 2840 visitauit.
355 2795 531 2839 Deinde
560 2809 618 2839 ex
647 2793 794 2837 officio
822 2793 1025 2837 visitauit
1059 2791 1302 2849 collegium
1337 2807 1576 2850 pragense.
1620 2792 1743 2836 Misit

187 2967 200 2988 ¹
249 2967 338 3011 Ms.,
357 2965 584 3001 CarneZius.
