1958 3210
241 196 284 232 52
820 183 863 217 P.
891 182 1077 217 NATAL1S
1104 182 1322 216 EPHEMER.

252 287 451 329 iudicum
474 284 659 327 calculis
682 284 921 326 damnatus
944 289 1012 325 est
1035 282 1181 325 bonus
1210 281 1381 334 Simon,
1407 296 1498 324 non
1521 281 1702 336 quidem
1731 281 1883 324 crimi—

252 364 319 405 nis
342 360 581 418 grauioris,
604 361 684 403 sed
699 360 821 414 quod
840 359 885 402 in
902 359 1078 403 ratione
1094 358 1290 401 instituti
1307 358 1430 403 varie
1449 373 1501 401 ac
1518 357 1718 414 grauiter
1736 372 1882 401 erras-

252 445 333 482 set:
360 437 527 480 indicta
550 443 618 480 est
635 435 697 478 illi
720 435 1012 491 poenitentia.
1048 437 1150 477 Hoc
1178 434 1395 478 iudicium
1418 435 1656 480 videbatur
1684 434 1772 478 iam
1787 435 1881 492 pri-

253 530 373 558 mum
396 515 599 569 probare;
627 527 718 567 quo
759 518 916 567 postea
933 511 1458 567 repudiato‚·appellauit
1485 513 1491 571 Ι
1519 513 1723 568 exemplo
1741 512 1880 568 pesti-

252 593 371 636 lente
388 591 445 634 ad
462 589 735 633 cardinalem
752 602 1015 644 carpensem
1032 594 1348 643 protectorem.
1366 590 1440 631 Ab
1461 591 1548 632 hoc
1568 597 1715 633 tamen
1729 589 1881 633 statim

253 677 320 713 est
342 668 492 711 iussus
515 681 614 710 esse
637 666 683 708 in
706 665 869 718 officio;
896 664 1111 708 rescitum
1136 671 1287 707 tamen
1310 674 1466 721 postea
1488 666 1612 709 illum
1635 668 1775 710 breue
1796 666 1882 709 im-

253 752 467 801 petrasse,
493 751 541 786 vt
570 750 804 788 excuteret
842 741 1124 785 obedientiae
1149 741 1309 798 iugum
1347 743 1404 785 ad
1440 742 1577 786 vitam
1610 743 1883 787 eremiticam

253 823 491 879 agendam3
518 821 597 864 sed
620 835 713 862 non
737 819 902 875 prodijt
935 820 1022 861 hoc
1045 819 1201 861 breue.
1231 820 1467 862 Postremo
1489 819 1550 861 ita
1573 834 1644 862 res
1672 827 1741 863 est
1761 834 1885 863 com-

254 899 414 956 posita,
434 905 483 940 vt
497 897 593 953 ipse
615 911 697 939 sua
720 897 955 939 voluntate
984 895 1172 952 eligeret
1202 895 1479 952 peregrinari
1503 895 1882 952 Hierosolymam,

256 991 345 1032 quo
369 983 519 1019 tamen
542 989 632 1017 non
655 980 724 1018 est
742 973 989 1029 profectus,
1015 973 1137 1028 quod
1159 973 1327 1016 bellum
1349 980 1469 1016 esset
1490 973 1607 1017 inter
1634 981 1821 1017 venetos
1842 980 1888 1017 et

259 1055 455 1096 turchas.
483 1050 746 1107 Impetrauit
769 1065 794 1092 a
825 1052 876 1092 P.
911 1049 1089 1106 Ignatio
1113 1056 1162 1092 vt
1184 1049 1225 1092 ei
1247 1049 1402 1094 liceret
1429 1050 1475 1093 in
1497 1050 1690 1107 collegio
1719 1051 1790 1095 vel
1810 1065 1886 1093 ve-

258 1137 363 1174 neto
379 1130 451 1172 vel
468 1128 681 1184 patauino
699 1125 899 1184 [degere]
923 1140 979 1168 ex
1002 1126 1241 1183 priuilegio
1259 1126 1528 1182 diplomatis:
1551 1143 1640 1171 non
1658 1127 1886 1171 iudicabat

260 1216 409 1250 tamen
428 1207 480 1248 P.
496 1204 700 1261 Ignatius
719 1203 949 1247 sedauisse
967 1201 1015 1262 [Ρ]
1031 1203 1077 1245 in
1095 1203 1170 1246 illo
1187 1203 1441 1260 superiores
1457 1205 1623 1247 fluetus
1640 1205 1718 1247 92
1728 1211 1772 1247 et
1791 1211 1886 1247 tum

260 1283 383 1327 venit
420 1284 695 1333 Bassanum,
738 1280 813 1323 vbi
845 1281 970 1323 illurn
1009 1280 1221 1324 convenit
1260 1283 1319 1323 P.
1361 1280 1550 1335 Natalis,
1591 1288 1640 1323 vt
1677 1281 1887 1337 superius

262 1361 448 1404 dictum.

348 1437 437 1480 Hic
462 1439 595 1480 Pater
620 1448 643 1478 2
669 1435 816 1492 capita
838 1450 988 1479 rerum
1015 1438 1067 1478 P.
1090 1435 1236 1491 Layni
1256 1436 1505 1491 proposuit,
1528 1437 1719 1479 alterum
1736 1450 1887 1487 suum,

259 1516 448 1559 alterum
473 1513 826 1557 bobadillanum:
855 1514 1018 1556 tactam
1040 1511 1126 1555 sibi
1148 1511 1357 1555 iniuriam
1396 1511 1442 1555 in
1464 1512 1632 1568 iudicjo
1663 1519 1820 1555 contra
1843 1526 1892 1554 se

261 1592 382 1635 dicto
415 1593 443 1644 ¹;
471 1590 598 1646 quasi
629 1605 793 1633 nouam
817 1603 986 1646 icausae
1015 1588 1321 1646 cognitionem
1350 1589 1570 1646 exigeret:
1596 1589 1738 1633 videri
1760 1604 1892 1645 prae—

263 1676 386 1713 terea
430 1667 516 1710 sibi
559 1667 902 1723 gubernandam
945 1666 1218 1728 Societatem
1255 1681 1334 1722 per
1371 1666 1539 1722 primos
1567 1667 1792 1722 professos
1835 1681 1892 1710 ex

261 1745 554 1790 aristocratia.
588 1744 676 1787 Hic
714 1743 854 1800 igitur
894 1744 1076 1787 fauebat
1115 1743 1392 1797 Bobadillae;
1427 1751 1585 1800 postea
1608 1751 1757 1786 tamen
1786 1757 1890 1787 eum

263 1822 476 1875 deseruit,
503 1822 624 1877 quod
653 1820 841 1864 inferius
870 1820 1061 1863 dicetur:
1097 1820 1366 1875 Violamque
1388 1820 1548 1863 mirum
1571 1835 1663 1863 non
1692 1820 1776 1863 fuit
1799 1822 1886 1863 Bo-

263 1900 455 1943 badillae
482 1898 489 1957 Ι
516 1897 816 1950 subscribere;
843 1898 1074 1941 metuebat
1090 1897 1209 1941 enim
1234 1899 1286 1940 P.
1314 1899 1530 1953 Laynem,
1556 1898 1611 1940 ad
1635 1912 1767 1952 quem
1786 1911 1892 1954 gra-

264 1976 447 2020 uissime
469 1977 617 2019 fuerat
640 1975 831 2027 delatus,
858 1981 965 2026 etc.,
997 1981 1042 2017 et
1070 1981 1166 2017 erat
1195 1974 1361 2030 alioqui
1393 1961 1621 2018 liberioris
1636 1973 1805 2031 ingenij
1815 2008 1824 2028 ,
1850 1981 1895 2017 et

264 2053 489 2098 liberrime
512 2059 669 2108 egerat
691 2052 856 2094 multos
880 2066 1024 2094 annos
1047 2051 1092 2093 in
1115 2051 1278 2095 Gallia.

353 2132 423 2174 De
450 2129 651 2173 Adriano
679 2135 747 2172 sat
775 2136 844 2172 est
872 2128 982 2170 illud
1010 2128 1176 2182 dicere,
1209 2129 1333 2184 quod
1381 2129 1475 2172 fere
1498 2130 1512 2149 2
1543 2127 1655 2170 nihil
1696 2142 1895 2183 vnquam

263 2206 482 2251 intellexit
504 2207 559 2249 de
583 2205 822 2250 Societatis
845 2205 1068 2258 instituto,
1094 2220 1326 2262 nunquam
1349 2220 1404 2249 ex
1426 2205 1529 2248 illus
1547 2205 1703 2261 propia
1720 2204 1894 2249 ratione

264 2284 390 2336 vixit,
416 2290 461 2326 et
484 2282 665 2338 quidem
690 2285 824 2326 Pater
847 2289 916 2325 sat
938 2288 1006 2326 est
1028 2289 1164 2325 notus
1188 2283 1220 2324 ³.

352 2362 423 2404 De
446 2359 679 2403 Bobadilla
695 2358 866 2415 prolixa
887 2366 1005 2402 esset
1029 2358 1240 2412 narrati03
1265 2359 1345 2402 sed
1367 2372 1604 2402 necessum
1621 2359 1700 2400 93
1722 2357 1892 2414 aliquid

264 2437 427 2481 dicere.
456 2437 545 2480 Hic
568 2435 779 2480 dissensit
801 2451 827 2478 a
851 2437 902 2478 P.
929 2434 1107 2491 Ignatio
1130 2442 1175 2478 et
1198 2436 1222 2477 8
1248 2435 1459 2478 Patribus
1481 2436 1537 2479 de
1555 2437 1690 2479 rebus
1713 2434 1892 2492 grauis-

266 2514 389 2558 simis
425 2521 530 2558 ante
573 2513 812 2559 Societatis
844 2512 1246 2565 confirmationem3
1286 2512 1440 2568 itaque
1476 2519 1658 2569 propter
1689 2527 1793 2556 eum
1824 2519 1894 2555 est

267 2598 375 2635 tunc
397 2592 644 2635 decretum:
671 2590 708 2633 si
731 2590 831 2646 quis
860 2591 916 2633 ab
946 2589 1043 2645 alijs
1072 2589 1118 2632 in
1148 2589 1373 2634 sententia
1399 2590 1674 2646 discreparet
1701 2589 1748 2632 in
1770 2603 1894 2632 com-

266 2668 392 2712 muni
429 2683 579 2713 rerum
612 2667 879 2711 tractatione
912 2681 969 2710 ne
991 2666 1321 2721 admitteretur,
1343 2667 1439 2711 eius
1476 2667 1627 2722 itaque
1665 2666 1711 2710 in
1742 2665 1898 2723 primis

267 2745 378 2788 actis
401 2746 563 2788 nullun
587 2752 655 2789 est
679 2744 940 2801 vestigium.

340 2872 351 2892 ¹
403 2871 662 2916 SACCHINUS,
683 2872 760 2907 loc.
785 2870 870 2917 cit.,
889 2882 927 2905 n.
947 2878 1010 2915 74.

306 2931 310 2934 ’
337 2932 351 2951 ²
403 2931 500 2977 Ms.,
520 2932 691 2978 adsere.

335 2990 350 3009 ³
400 2989 658 3035 SACCHINUS,
678 2992 756 3026 loc.
782 2990 874 3036 cit.,
894 3002 931 3025 n.
948 2998 1008 3035 74.
