1958 3210
644 216 688 253 27
715 208 943 244 FEBRUARn
972 209 1061 253 1503
1597 209 1666 244 223

29 317 166 374 fesor
187 313 239 355 de
262 313 305 353 la
328 325 467 367 reyna
494 312 503 331 ¹
528 310 581 352 de
605 310 763 360 Roma,
786 310 978 364 εεῤαῖοἰ,
998 325 1026 365 y
1048 314 1143 352 otro
1166 312 1354 353 italiano
1378 311 1408 363 ²,
1432 325 1515 367 que
1538 312 1665 353 sirue

42 393 94 435 de
116 390 312 445 theologo
335 388 403 430 del
433 388 606 439 mantio,
626 402 654 443 y
682 387 727 427 al
755 387 812 428 P.
848 386 1031 428 Canisio
1054 402 1133 429 con
1161 389 1200 429 el
1222 388 1424 444 Stdplzilo
1446 389 1477 439 ⁵‚·
1501 388 1666 430 lzallose

13 493 16 496 ·
43 469 80 512 el
101 469 158 510 P.
185 465 338 508 Nadal
359 479 414 506 en
443 463 678 519 Hispruclz
707 463 885 518 quando
914 463 1136 507 lzmcieron
1164 465 1217 506 de
1245 466 1333 506 dar
1358 465 1402 507 la
1432 468 1665 520 respuesta

41 546 105 588 ios
137 547 227 585 tres
256 541 477 597 theologos
505 555 560 582 en
583 541 733 598 fuera
761 539 829 580 del
855 539 1069 594 Stdplzilo,
1098 555 1180 596 que
1207 556 1265 582 no
1292 556 1372 583 era
1401 542 1563 583 umido
1586 542 1617 592 ⁴3·
1637 555 1665 597 y

38 620 183 678 ayudo
204 618 363 661 macho
387 619 414 659 ά
438 618 576 659 lzazer
600 631 682 672 que
705 617 772 658 las
795 620 1048 671 respuestas
1063 618 1256 674 fuessen
1286 619 1394 659 tales
1423 632 1505 673 que
1537 632 1594 660 no
1622 632 1667 660 se

36 697 320 755 periudicase
342 709 396 737 en
420 709 520 736 cosa
542 695 758 750 ningmza
782 693 825 734 la
847 694 1111 735 azcctoridad
1128 694 1242 735 dela
1259 695 1359 736 sede
1381 695 1619 750 apostolica
1638 696 1668 746 ⁵‚·

38 790 67 832 y
88 774 157 816 asi
179 787 233 815 en
248 773 442 828 platicas
464 786 545 812 con
568 771 630 812 los
653 784 735 825 que
751 770 922 825 podiam
946 773 1072 812 tener
1093 771 1359 812 auctoridad
1387 785 1442 813 en
1471 775 1557 813 este
1585 786 1666 814 ne-

32 851 166 908 gocio
188 849 246 891 lia
269 848 402 890 lzeclzo
424 862 478 890 su
500 848 652 889 dener.
690 847 911 902 Yporqzte
934 847 972 888 el
993 847 1158 889 nuncio
1176 848 1401 902 Delpliiizo
1412 848 1666 904 pretendia,

43 927 224 982 despzte's
247 940 330 982 que
351 939 397 967 se
413 925 566 980 partio
588 924 626 966 el
648 924 797 965 doctor
822 924 1006 965 Canisio
1024 939 1052 979 y
1076 924 1184 966 uino
1214 925 1253 966 el
1280 924 1496 979 Stciplzz'lo,
1530 924 1669 967 liazer

38 1009 179 1060 -capaz
205 1003 233 1044 ά
262 1003 324 1044 Su
353 1001 595 1058 Magestad
623 1015 651 1056 y
679 1001 724 1042 al
751 1000 879 1042 dicho
908 1000 1108 1055 Stdplzilo
1135 1001 1188 1043 de
1217 1015 1300 1056 que
1332 1001 1370 1042 el
1394 1006 1518 1057 papa
1549 1008 1669 1045 esset

43 1087 192 1137 pastor
214 1078 481 1121 uniuersalis
503 1076 735 1129 ecclesiae,
753 1077 920 1132 pidiole
944 1091 1025 1132 que
1047 1078 1227 1120 buscase
1249 1078 1451 1134 algmzas
1470 1079 1666 1120 auctori-

40 1157 178 1200 dadas
199 1157 252 1198 de
274 1155 575 1211 importancia
590 1159 712 1209 para
735 1154 1000 1196 mostrarles
1022 1159 1113 1196 esta
1137 1155 1326 1207 uerdad,
1345 1170 1373 1211 y
1395 1156 1465 1197 asi
1489 1155 1668 1211 colligio'

44 1235 84 1277 el
105 1235 157 1276 P.
185 1233 325 1275 Natal
348 1231 528 1273 muchos
551 1232 738 1287 lagares
759 1232 863 1286 (que
885 1245 984 1273 creo
1005 1232 1176 1273 scrinio
1198 1232 1297 1274 mas
1319 1232 1370 1274 de
1394 1231 1468 1286 80)
1483 1247 1511 1288 y
1535 1233 1572 1273 le
1594 1232 1671 1277 dio‘

35 1314 176 1367 *parte
196 1310 330 1352 dellos
352 1310 414 1350 los
436 1308 535 1350 mas
557 1307 784 1363 escogz'dos
801 1322 844 1363 y,
868 1308 1015 1364 segzin
1037 1309 1075 1349 el
1096 1309 1254 1350 mantio
1277 1309 1468 1365 referia,
1487 1309 1560 1350 dio
1583 1312 1671 1350 esto

49 1388 92 1430 la
114 1388 221 1429 uida
243 1387 288 1428 al
309 1385 509 1441 Stdpln‘lo
532 1386 565 1439 ⁶,
586 1399 615 1440 y
631 1389 718 1439 por
740 1387 937 1426 uentum
957 1385 1150 1426 tamhz'en
1168 1385 1196 1426 ά
1213 1389 1335 1427 otros
1354 1399 1435 1440 que
1453 1386 1607 1427 zeniam
1627 1386 1671 1427 Za

122 1537 131 1556 ¹
183 1535 268 1568 «Fr.
289 1532 517 1568 Franciscus
536 1531 584 1566 de
602 1530 798 1576 Corduba,
822 1530 1100 1572 franciscanus,
1126 1531 1238 1577 cujus
1263 1531 1431 1566 familiae
1456 1543 1670 1567 sacramen—

51 1600 130 1630 tum
147 1593 244 1628 dixit
263 1592 535 1634 Salmanficae,
555 1590 800 1636 Principibus
819 1590 961 1625 Mariae
980 1590 1220 1636 Imperatrici
1239 1591 1521 1626 Germanorum
1540 1590 1669 1626 Caroli

47 1651 219 1699 ‘Augusti
236 1651 353 1697 filiae,
372 1662 485 1697 quarn
506 1650 544 1684 in
563 1648 810 1685 Germaniam
829 1650 1035 1685 comitatus
1055 1654 1135 1695 est,
1154 1655 1365 1697 posteaque
1384 1650 1432 1684 ad
1456 1662 1526 1685 nos
1544 1662 1673 1685 rever-

51 1723 130 1758 sus,
149 1712 285 1747 Annae
306 1710 534 1745 Austriacae
553 1708 827 1754 Hispaniarum
846 1708 1019 1754 Reginae
1038 1708 1316 1744 conscientiam
1342 1709 1589 1755 expiantibus
1607 1721 1674 1744 au-

51 1783 112 1806 res
129 1770 376 1817 praebuit...»
398 1769 583 1804 NICOLAS
603 1768 812 1809 ANTONIO,
831 1768 1073 1803 Bibliotheca
1089 1769 1261 1814 hispana
1275 1780 1378 1803 nova
1393 1769 1553 1811 (Matriti
1570 1767 1674 1813 1783)

52 1831 82 1874 Ι,
100 1831 182 1875 416.
203 1829 265 1865 Cf.
285 1829 401 1864 etiam
420 1828 468 1863 de
486 1829 559 1862 hoe
578 1827 765 1873 scriptore
789 1828 989 1873 JoANNEM
1017 1837 1043 1862 A
1067 1827 1239 1863 SANCTo
1259 1827 1469 1873 ANTONIO,
1495 1828 1666 1865 Bibliot.

48 1890 167 1925 univ.
183 1889 465 1936 franciscana,
486 1888 518 1933 Ι,
537 1886 624 1931 3-7.

121 1951 134 1971 2
184 1948 258 1983 Hic
277 1953 359 1983 erat
377 1947 582 1993 episcopus
601 1944 825 1992 pedinensis
845 1947 1008 1992 electus,
1028 1946 1076 1980 de
1101 1957 1176 1992 quo
1200 1946 1360 1981 nuntius
1379 1946 1556 1981 Dolfinus
1582 1946 1673 1981 scri—

53 2009 167 2044 bebat
185 2008 233 2042 ad
250 2008 400 2053 legatos
419 2005 573 2041 concilii
600 2017 641 2040 se
663 2011 884 2040 curaturum
903 2010 944 2039 ut
964 2004 1064 2040 inter
1088 2006 1288 2050 theologos
1314 2017 1335 2040 a
1359 2017 1514 2040 caesare
1538 2017 1675 2040 consu—

52 2067 185 2103 lendos
203 2071 489 2110 recenseretur,
510 2070 643 2111 utpote
663 2065 727 2111 qui
745 2070 878 2110 gratus
896 2070 977 2099 erat
995 2064 1069 2110 ipsi
1086 2065 1253 2110 caesari,
1273 2070 1312 2099 et
1338 2066 1386 2099 ab
1405 2075 1450 2099 eo
1475 2070 1672 2111 presenta-

53 2131 114 2161 tus
137 2126 262 2162 fuerat
280 2125 327 2160 ad
346 2125 479 2160 sedem
504 2124 770 2171 pedinensem,
795 2135 894 2171 quae
920 2129 1040 2159 morte
1065 2124 1225 2170 Joannis
1250 2124 1461 2159 Zachariae
1486 2126 1667 2159 vacabat.

53 2186 279 2222 UGHELLUS
297 2189 426 2219 autem
447 2184 589 2230 (Italia
607 2195 737 2225 sacra,
758 2184 807 2226 V,
826 2182 924 2229 473),
943 2184 1038 2218 haee
1063 2183 1210 2218 scribit:
1238 2184 1326 2218 «Fr.
1358 2183 1495 2218 Daniel
1520 2184 1673 2218 Barboli

55 2243 172 2280 nobili
188 2256 334 2290 genere
355 2248 593 2290 procreatus,
613 2242 758 2277 ordinis
782 2242 923 2277 Praed.
941 2270 950 2288 ‚
976 2243 1116 2288 Joanni
1139 2242 1348 2277 Zachariae
1376 2247 1496 2277 morte
1520 2243 1672 2277 sublato

50 2303 237 2339 >suffectus
259 2309 318 2338 est
336 2313 358 2347 4
376 2302 483 2348 Junii
504 2301 640 2346 1563.»
1449 2350 1451 2352 Ι

118 2362 133 2383 ⁸
181 2362 401 2398 Fridericus
428 2361 624 2408 Staphilus
649 2360 914 2396 universitatis
945 2360 1260 2406 ingolstadiensis
1285 2359 1608 2406 superintendens
1633 2365 1673 2396 et

50 2421 243 2468 professor
260 2423 308 2457 ab
326 2432 425 2456 anno
448 2423 556 2465 1560.
580 2420 645 2455 Cf.
668 2421 1021 2463 BRAUNSBERGER,
1041 2420 1117 2455 loe.
1142 2420 1232 2465 cit.,
1249 2421 1279 2463 I,
1296 2428 1376 2464 5573
1393 2424 1432 2454 et
1449 2418 1671 2455 Clzronicon

54 2480 251 2526 POLANcr,
271 2481 340 2525 IV,
360 2488 442 2524 2543
464 2486 502 2515 et
521 2480 570 2525 V,
590 2479 677 2524 248.

123 2541 138 2561 4
186 2539 380 2575 Antonius
399 2539 518 2574 Maria
532 2538 724 2582 Gratiani,
739 2537 804 2584 qui
819 2537 1108 2573 Commendono
1123 2549 1143 2572 a
1158 2537 1319 2572 secretis
1334 2543 1373 2572 et
1387 2537 1557 2572 consiliis
1573 2543 1668 2583 erat,

55 2597 147 2633 haee
164 2597 400 2645 Oeniponte‚
422 2598 463 2632 16
482 2598 681 2632 Februarii
703 2596 806 2642 1563,
825 2596 1031 2632 referebat:
1050 2597 1145 2631 «Fra
1162 2596 1291 2643 questi
1309 2596 1478 2642 theologi
1496 2596 1671 2643 deputati

56 2668 130 2692 non
148 2658 204 2693 s’e
223 2668 360 2693 ancora
377 2656 646 2692 comminciato
664 2668 685 2691 a
703 2661 861 2691 trattare
879 2667 968 2691 cosa
985 2657 1121 2691 alcuna
1139 2661 1178 2690 et
1196 2657 1232 2690 lo
1251 2655 1384 2690 Stafilo
1402 2667 1478 2690 non
1493 2656 1513 2691 ὲ
1532 2668 1670 2692 ancora

50 2715 229 2761 giemo...
250 2718 323 2752 Fra
352 2717 378 2752 li
403 2715 578 2762 deputati
606 2716 626 2751 ὲ
651 2727 790 2751 ancora
814 2715 1036 2761 Monsignor
1061 2714 1344 2761 Cinquechiese
1369 2719 1408 2749 et
1431 2715 1456 2749 il
1481 2715 1670 2751 Petenen-

54 2785 164 2812 se...»
183 2777 240 2810 Ex
257 2776 356 2811 Brit.
381 2777 557 2810 Museum
576 2775 747 2820 Egerton
761 2774 860 2810 Cod.
884 2781 1011 2818 1.o77,
1026 2773 1097 2810 fol.
1117 2782 1198 2820 247,
1215 2774 1279 2819 ff.,
1295 2774 1395 2820 apud
1408 2772 1667 2821 DoLLINGER‚

57 2833 259 2881 Beitro'ige‚
278 2834 348 2876 ΙΙΙ,
367 2833 454 2869 323.

125 2893 139 2914 ⁵
187 2892 252 2929 Cf.
272 2891 620 2936 DoLL1NGER,loe.
641 2892 710 2927 cit.
723 2920 732 2938 ‚
747 2891 914 2938 324-3293
931 2897 970 2927 et
983 2892 1279 2938 PALLAv1clNo,
1295 2893 1372 2928 loc.
1392 2892 1482 2937 cit„
1496 2893 1564 2929 lib.
1579 2893 1665 2936 XX,

52 2961 144 2997 cap.
166 2960 225 2986 lv.

125 3010 140 3031 ⁶
189 3010 357 3046 Nuntius
376 3010 550 3046 Dolfinus
568 3011 662 3046 haec
681 3010 728 3046 de
747 3009 921 3054 Staphilo
944 3010 1137 3046 referebat
1153 3009 1306 3054 legatis:
1336 3011 1543 3047 «conuerra
1568 3011 1666 3047 refe-
