1958 3210
810 146 899 190 1556
1622 140 1670 186 43

43 257 163 314 quod
184 268 271 310 ego
293 248 589 300 dissimulaui,
617 261 755 302 quum
784 245 943 289 scirem
973 260 1045 288 me
1067 243 1128 285 illi
1157 258 1248 285 non
1265 257 1364 286 esse
1393 241 1664 286 subiectum.

43 336 198 390 Quum
215 330 261 371 in
283 326 510 370 musaeolo
527 324 590 366 illi
607 323 802 367 dicerem
821 336 921 365 esse
938 322 1218 363 voluntatem
1238 319 1385 361 Patris
1408 334 1464 362 ne
1488 333 1536 362 56
1554 317 1668 361 affii-

46 414 171 467 geret
191 402 567 461 flagellationibus
595 407 640 443 et
662 398 962 455 poenitentijs,
996 395 1224 452 respondit
1247 402 1516 438 commotus:
1549 414 1564 434 α
1574 396 1669 439 Vos

48 483 216 529 facietis
236 488 285 524 vt
307 495 393 536 ego
416 478 621 522 secedam
644 478 700 518 ad
722 474 1038 518 carthusiam.»
1072 474 1187 516 Cum
1220 474 1271 515 P.
1304 472 1508 515 Antonio
1530 474 1669 516 vehe-

45 575 170 606 mens
192 556 466 601 concertatio
494 569 593 597 mea
620 554 676 597 de
707 560 922 607 tempore,
956 551 1076 605 quod
1104 550 1213 592 dant
1242 549 1587 593 constitutiones
1615 549 1670 591 ad

47 637 279 682 orandunr

133 710 323 768 Repperi
354 710 446 752 fere
473 723 572 750 esse
609 713 826 749 mutatam
864 704 1081 747 rationem
1120 717 1217 745 eam
1256 717 1422 753 rerum,
1450 717 1560 757 quas
1583 718 1671 759 ego

45 783 325 833 institueram
348 786 394 827 in
418 775 559 841 prima
582 782 855 826 visitatione.

132 865 316 909 Dixerat
334 862 513 917 quidem
538 860 645 903 mihi
669 861 720 902 P.
748 857 968 914 Ignatius,
994 864 1042 898 vt
1065 857 1268 900 iuuarem
1288 859 1339 899 Ρ.
1361 858 1396 898 F
1400 856 1668 910 ranciscum,

49 952 92 988 et
118 939 413 985 communiter
442 954 512 981 res
546 936 778 993 grauiores
811 949 1066 991 ageremus3
1094 948 1250 976 verum
1280 948 1419 989 quum
1443 933 1671 989 intellige-

49 1034 139 1063 rem
157 1033 246 1061 non
274 1030 374 1060 esse
402 1023 582 1072 gratum
614 1016 664 1056 P.
701 1011 941 1056 Francisco
964 1012 1037 1054 72
1080 1018 1128 1052 vt
1157 1025 1228 1054 me
1256 1010 1553 1054 immiscerem
1584 1026 1673 1067 gu-

48 1094 312 1145 bernationi,
334 1092 514 1136 cohibui
538 1106 624 1143 me3
651 1104 703 1133 ac
725 1105 782 1133 ne
805 1088 1018 1131 admonui
1041 1087 1221 1143 quidem
1244 1087 1385 1138 illum,
1411 1088 1674 1143 praesertim

49 1187 185 1228 quum
207 1186 297 1213 non
320 1168 644 1213 successissent
666 1166 775 1209 mihi
798 1167 914 1209 duae
936 1166 1008 1208 vel
1030 1172 1120 1208 tres
1143 1165 1486 1207 admonitiones:
1510 1180 1597 1207 vna
1618 1166 1674 1208 de

49 1248 261 1305 magistro
290 1245 554 1298 Montesiae,
585 1259 720 1299 quem
749 1257 836 1299 ego
865 1258 956 1285 non
985 1242 1225 1286 censebam
1255 1242 1561 1297 recipiendum
1592 1244 1672 1284 do-

49 1340 184 1378 mum;
206 1339 290 1368 nec
324 1325 332 1344 ¹
364 1323 657 1378 separandam
686 1327 858 1376 partem
889 1320 1050 1362 domus
1077 1334 1157 1375 pro
1185 1318 1454 1374 hospitibus;
1481 1334 1564 1362 nec
1592 1320 1674 1362 do-

47 1417 167 1446 mum
190 1400 496 1456 recipiendum
520 1399 774 1454 quemdam,
801 1396 877 1451 qui
895 1397 940 1438 in
964 1396 1058 1438 rixa
1080 1395 1214 1438 alium
1238 1396 1570 1449 vulnerauerat3
1591 1412 1674 1440 nec

48 1487 96 1521 vt
116 1479 161 1521 in
178 1477 456 1535 professione
480 1475 708 1531 Baptistae
737 1475 792 1517 de
823 1476 985 1517 Banna
1012 1474 1140 1517 fieret
1169 1480 1259 1516 tam
1290 1473 1485 1528 amplum
1515 1473 1675 1516 conui—

49 1556 187 1608 uium,
207 1562 293 1599 etc.
315 1553 527 1597 Grauiter
545 1552 664 1594 enim
682 1551 784 1594 tulit
801 1551 934 1595 etiarn
957 1551 1013 1594 de
1036 1549 1291 1606 recipiendo
1321 1551 1325 1606 Ι
1356 1550 1606 1594 facinoroso
1630 1559 1676 1596 et

50 1634 104 1676 de
125 1617 338 1688 magistro
362 1631 418 1674 de
440 1628 678 1680 Montesia,
704 1634 791 1670 etc.
818 1629 949 1670 Hanc
967 1627 1185 1670 rationem
1203 1641 1342 1681 quum
1360 1628 1502 1670 nollet
1520 1635 1673 1674 tenere

51 1712 100 1753 P.
124 1708 338 1761 Victoria,
358 1707 435 1762 qui
452 1713 626 1748 tantum
648 1712 882 1760 acceperat
905 1720 930 1747 a
954 1707 1088 1747 Patre
1110 1703 1286 1760 Ignatio
1310 1705 1569 1748 facultatem
1592 1707 1673 1748 ad-

50 1785 271 1837 monendi;
297 1783 471 1827 audiuit
494 1798 519 1825 a
543 1785 593 1825 P.
635 1781 891 1824 Francisco:
937 1801 952 1819 α
964 1788 1013 1824 tu
1050 1780 1121 1823 dic
1157 1795 1273 1836 quae
1310 1781 1446 1823 velis»
1472 1789 1558 1824 etc.
1586 1782 1674 1825 Hic

49 1863 244 1907 animum
267 1861 492 1904 infensum
515 1860 561 1901 in
583 1874 655 1903 me
682 1859 871 1903 Stradae
898 1857 1085 1914 agnoui,
1116 1864 1161 1901 et
1190 1872 1328 1914 quum
1361 1859 1472 1901 dure
1504 1874 1574 1902 me
1597 1874 1674 1902 ac-

48 1939 253 1996 cepisset,
281 1938 533 1994 exprobans
554 1935 688 1980 etiam
712 1936 833 1990 quod
856 1935 918 1977 illi
944 1935 1169 1978 dedissem
1192 1935 1505 1988 substitutum;
1527 1936 1675 1979 retudi

47 2016 165 2059 illius
187 2016 324 2058 verba
345 2014 508 2065 acrius,
529 2020 578 2055 vt
600 2012 791 2068 amplius
813 2011 921 2054 mihi
944 2027 1035 2055 non
1054 2011 1189 2055 fuerit
1211 2012 1443 2055 molestus.

135 2092 260 2136 Fecit
282 2090 607 2147 professionem
632 2088 835 2145 Baptista
851 2089 907 2132 de
926 2090 1104 2140 Barma,
1125 2088 1423 2132 concionatus
1441 2096 1510 2133 est
1527 2091 1674 2132 Arao—

51 2169 160 2221 zius,
179 2167 411 2225 primarios
432 2167 506 2209 73
529 2167 777 2209 monachos
798 2165 979 2208 vocauit
997 2166 1054 2208 ad
1075 2165 1312 2221 prandium
1333 2168 1384 2208 Ρ.
1406 2167 1441 2209 F
1445 2166 1675 2209 ranciscus

52 2261 106 2290 ex
122 2245 329 2289 omnibus
351 2243 599 2296 ordinibus,
626 2250 671 2287 et
692 2258 748 2285 ex
771 2250 971 2298 tempore
993 2242 1105 2285 dixit
1128 2249 1177 2285 vt
1192 2243 1520 2298 prandentibus
1543 2243 1628 2286 illis
1651 2258 1676 2286 e

50 2329 272 2379 suggestu
293 2320 460 2376 aliquid
477 2319 672 2364 dicerem
695 2319 832 2363 latine
854 2320 910 2362 de
932 2319 1171 2364 Societatis
1194 2319 1415 2362 instituto.
1443 2319 1554 2365 Mihi
1584 2336 1675 2363 non

53 2399 136 2441 fuit
162 2398 327 2442 dificile
357 2397 507 2440 dicere
535 2396 769 2452 imparat03
805 2397 885 2440 sed
907 2396 1018 2439 illud
1047 2396 1167 2439 sensi
1196 2397 1228 2448 ²,
1261 2397 1381 2451 quod
1412 2412 1467 2441 ex
1488 2397 1676 2453 imperio

49 2490 139 2519 non
160 2474 438 2519 admonitum
459 2474 787 2529 compellasset3
813 2489 907 2517 non
929 2474 1045 2518 male
1068 2481 1218 2517 tamen
1240 2474 1391 2516 cessit.

136 2551 301 2608 Recepi
322 2550 473 2594 literas
498 2552 549 2593 P.
571 2550 731 2606 Ignatij
756 2551 1102 2607 obiurgatorias,
1136 2551 1260 2605 quod
1289 2550 1474 2595 fuissem
1499 2559 1673 2603 auctor,

49 2636 98 2671 vt
132 2628 178 2671 in
214 2627 455 2670 fundandis
483 2627 702 2683 collegijs,
728 2642 808 2683 pro
830 2628 1022 2685 singulis
1050 2626 1265 2683 operariis
1293 2628 1307 2648 ³
1338 2628 1410 2672 vel
1432 2628 1677 2671 lectoribus

48 2711 301 2761 peteremus
324 2704 381 2747 ali
403 2705 517 2746 duos
539 2704 844 2748 scholasticos.
874 2706 1028 2761 Aegre
1051 2704 1148 2757 tuli,
1182 2711 1228 2748 et
1257 2719 1396 2760 quum
1420 2705 1678 2761 rescripsis-

128 2833 138 2852 ¹
188 2830 278 2874 Μ5.,
298 2840 360 2863 ne.

126 2891 140 2910 ‘²
190 2888 280 2932 Ms.,
303 2898 435 2922 sensu.

129 2948 143 2968 ³
192 2947 281 2988 Ms.,
301 2945 550 2992 operaribus.
