1958 3210
283 194 327 228 30
844 195 888 229 P.
918 195 1104 231 NATAL1s
1131 196 1349 232 EPHEMER.

365 337 438 378 37
463 349 496 377 v
994 338 1219 381 GANDIAE

363 447 571 499 Visitaui‚
599 455 685 491 etc.
713 448 778 490 lbi
800 448 1049 491 doctrinam
1074 450 1298 505 xpianam.
1319 451 1545 495 docebant
1566 453 1613 495 in
1635 454 1793 506 classe,
1815 468 1906 509 quo

274 524 608 568 conueniebant
625 525 768 581 pueri,
790 525 981 580 puellae,
1002 525 1102 577 viri,
1120 526 1346 569 mulieres.
1366 528 1609 572 Habebant
1626 530 1905 574 ceremonias

274 602 447 656 aliquas
469 601 514 643 in
539 602 699 657 officijs
722 601 889 644 diuinis
912 602 1129 657 proprias.
1153 603 1241 645 Hic
1259 603 1458 647 intellexi
1477 620 1673 651 errorem
1691 607 1900 663 aedificij,

275 680 396 733 quod
419 680 571 722 nullus
600 686 804 723 curasset
831 693 935 721 cum
964 679 1413 741 aedificareturhetc.
1448 683 1739 726 Mutauerant
1767 684 1905 727 ratio-

275 765 395 803 nem,
422 765 556 806 quam
582 757 823 794 tenuerant
845 750 986 805 prius,
1018 765 1154 805 quam
1184 759 1452 808 acceperant
1481 753 1670 809 (opinor)
1700 770 1725 797 a
1747 770 1906 799 mona—

274 829 361 870 cho
385 827 460 870 illo
484 829 682 879 Taxeda,
710 835 796 871 etc.
824 827 1065 883 Displicuit
1094 828 1201 870 mihi
1230 829 1352 884 quod
1374 829 1621 874 retinerent
1649 845 1803 874 curam
1826 832 1905 875 38

273 905 501 949 deniensis
529 905 729 961 parochi,
762 912 849 949 etc.
883 905 991 948 Inde
1020 905 1123 948 veni
1146 905 1361 949 Mursiam
1389 908 1417 948 ¹.
1443 907 1534 950 Iam
1565 915 1800 963 acceperat
1822 909 1906 952 do—

272 997 395 1025 mum
418 982 723 1025 simancanam
750 984 800 1024 P.
834 981 1119 1033 Franciscus,
1147 997 1217 1026 me
1240 982 1516 1026 inconsulto:
1543 983 1630 1026 iam
1654 984 1742 1027 illic
1772 984 1905 1028 insti—

271 1066 420 1103 tuerat
441 1060 627 1101 domum
650 1058 945 1114 probationis.
978 1058 983 1115 Ι

978 1179 1201 1221 MURSIAE

361 1292 427 1334 Ibi
449 1299 545 1335 erat
569 1291 772 1347 Baptista
797 1293 973 1333 Barma.
1008 1290 1217 1334 Visitaui.
1251 1291 1542 1334 Confecimus
1565 1299 1634 1335 sat
1663 1294 1901 1337 commode

267 1370 325 1414 de
344 1368 607 1412 fundatione
625 1368 820 1424 collegij.
843 1368 1053 1423 Vidjmus
1070 1367 1326 1411 eremitoria
1341 1375 1386 1411 et
1404 1383 1649 1422 secessum,
1668 1384 1802 1425 quem
1817 1386 1875 1426 pa

266 1453 445 1489 rauerat
470 1448 521 1488 Ρ.
549 1447 583 1487 F
587 1445 805 1488 rancisco.
834 1445 942 1487 Inde
972 1444 1251 1497 Alicantum,
1277 1444 1353 1487 vbi
1375 1447 1676 1501 expectabant
1699 1462 1770 1491 me
1792 1462 1897 1490 curn

264 1523 457 1579 pecunia
485 1524 613 1566 Gous
649 1530 694 1564 et
724 1523 913 1566 Ioannes
950 1522 1135 1565 Paulus.
1177 1523 1283 1565 Erat
1313 1521 1615 1578 nauigaturus
1648 1522 1693 1565 in
1723 1524 1895 1568 Italiam

262 1602 321 1643 D.
350 1599 658 1645 Bernardinus
677 1606 891 1654 quattuor
908 1598 1179 1642 triremibus.

351 1721 432 1762 39
522 1721 801 1763 NAUIGATIO
826 1733 885 1761 Ex
908 1720 1149 1762 HISPANIA
1178 1733 1227 1761 IN
1251 1719 1451 1761 ITALIAM
1477 1733 1624 1762 PRIMA

349 1832 708 1877 Conscendimus
732 1847 835 1874 cum
859 1831 1063 1888 pecunijs
1086 1834 1147 1875 M.
1176 1832 1395 1875 Emanuel
1417 1839 1462 1874 et
1485 1847 1588 1888 ego,
1610 1847 1693 1876 nec
1712 1834 1800 1876 vlla
1818 1849 1890 1878 ra-

259 1910 381 1953 tione
404 1910 633 1966 potuimus
661 1908 865 1951 obtinere
887 1916 935 1951 vt
958 1910 1148 1953 Ioannes
1172 1909 1343 1952 Paulus
1366 1916 1410 1953 et
1439 1910 1568 1952 Gous
1596 1910 1891 1955 admitteren-

259 1995 346 2030 tur.
373 1987 747 2031 Conscenderant
769 1985 816 2028 in
837 1985 1105 2041 praetoriam
1128 1986 1217 2028 don
1240 1985 1389 2041 Diego
1411 1992 1457 2028 et
1479 1987 1658 2039 Loarte‚
1685 1994 1730 2031 et
1752 1988 1890 2044 longe

256 2063 493 2108 honestius
522 2078 657 2119 quam
686 2078 767 2106 nos
798 2064 981 2106 fuerunt
1009 2061 1198 2118 accepti.
1241 2062 1461 2106 Venimus
1500 2063 1684 2107 Saloum
1714 2064 1751 2107 ²:
1782 2064 1888 2108 inde

254 2156 397 2197 quum
415 2140 747 2184 Barchinonam
768 2139 1065 2191 venissemus,
1092 2146 1241 2183 metus
1259 2154 1284 2181 a
1301 2139 1498 2182 ciuitatis
1536 2140 1771 2185 tormentis
1810 2156 1887 2184 ae-

254 2218 366 2271 neis,
389 2219 510 2273 quod
526 2217 752 2261 deiecerat
769 2218 859 2259 don
878 2216 1183 2261 Bernardinus
1200 2215 1415 2260 vexillum
1439 2216 1631 2261 triremis
1654 2232 1861 2262 commen
1873 2246 1886 2249 -

250 2295 421 2338 datoris
442 2294 626 2337 maioris
649 2295 679 2336 ³.
713 2294 821 2336 Inde
850 2294 1035 2337 Saloum
1064 2307 1258 2345 rursum,
1290 2292 1296 2350 Ι
1324 2293 1443 2337 vnde
1471 2307 1558 2350 ego
1588 2294 1711 2337 solus
1741 2301 1882 2340 terre-

323 2411 333 2430 ¹
386 2408 451 2443 Sic
470 2419 538 2454 pro
557 2407 774 2448 Murciam,
794 2405 857 2441 hic
876 2411 915 2441 et
933 2405 1046 2440 infra.

319 2470 332 2489 2
385 2468 565 2503 «SALOU1
588 2466 713 2501 Aldea
737 2478 762 2512 y
786 2470 922 2512 puerto
944 2464 1128 2500 habitado
1152 2476 1243 2511 para
1268 2466 1304 2500 el
1328 2465 1523 2500 comercio
1546 2467 1581 2501 al
1610 2466 1826 2513 estranjero
1854 2480 1881 2514 y

245 2528 438 2573 eabotage
463 2539 513 2562 en
540 2528 576 2562 la
604 2537 728 2573 prov.‚
754 2524 906 2572 partido
926 2524 1086 2570 judicial
1111 2536 1136 2570 y
1160 2524 1328 2560 diocesis
1354 2524 1402 2559 de
1422 2525 1692 2571 Tarragona.»
1712 2526 1884 2573 ΜΑΒΟΖἱ

247 2587 509 2623 Diccionario
529 2585 777 2634 geogrdfico.

317 2648 330 2667 ³
383 2647 441 2680 «A
460 2655 505 2680 20
522 2646 571 2680 de
590 2645 826 2689 Setiembre‚
845 2643 1068 2681 hallandose
1088 2655 1137 2678 en
1163 2644 1198 2678 el
1217 2644 1360 2679 Muelle
1379 2643 1427 2678 de
1446 2645 1659 2680 Barcelona
1677 2644 1747 2679 dos
1766 2644 1882 2680 Gale-

243 2718 305 2742 ras
320 2706 382 2740 del
402 2705 673 2740 Comendador
691 2705 827 2751 Mayor
844 2705 932 2738 Don
951 2703 1044 2738 Luis
1062 2702 1111 2738 de
1124 2703 1277 2748 Zufiiga
1291 2715 1316 2749 y
1331 2704 1578 2750 Requesens,
1593 2708 1777 2738 entraron
1791 2715 1882 2750 qua-

242 2772 302 2802 tro
320 2766 482 2801 Galeras
501 2765 562 2800 del
583 2765 682 2810 Rey,
701 2775 803 2810 cuyo
822 2763 991 2798 General
1011 2773 1076 2797 era
1093 2763 1181 2797 Don
1199 2762 1438 2797 Bernardino
1457 2762 1505 2797 de
1521 2762 1723 2797 Mendoza:
1742 2763 1777 2797 el
1792 2763 1881 2809 qual

239 2826 332 2861 dixo
347 2826 382 2860 al
401 2824 566 2871 Capitan
584 2823 633 2858 de
652 2825 688 2858 la
706 2824 719 2857 (
740 2822 894 2870 apitana
911 2821 960 2857 de
977 2822 1220 2868 Requesens,
1235 2834 1311 2868 que
1326 2833 1481 2857 sacasse
1497 2834 1543 2857 su
1555 2821 1803 2857 Estandarte:
1821 2833 1881 2856 es—

237 2887 379 2920 cusose
398 2895 472 2919 con
490 2896 565 2930 que
586 2895 651 2918 era
669 2882 720 2917 de
745 2884 779 2917 la
802 2881 969 2927 religion
987 2880 1037 2915 de
1061 2880 1260 2927 Santiago:
1288 2881 1481 2917 Embistio
1507 2881 1697 2916 Mendoza
1723 2892 1796 2916 con
1821 2881 1878 2916 las

235 2948 374 2991 quatro
394 2943 571 2988 Galeras,
591 2945 702 2978 entro
720 2953 769 2977 en
787 2942 824 2976 la
842 2940 1045 2987 capitana,
1065 2941 1162 2976 echo
1180 2952 1328 2978 enmar
1349 2942 1383 2976 el
1409 2941 1657 2987 Estandarte,
1682 2952 1707 2987 y
1726 2941 1876 2975 llevose

236 3005 274 3039 al
293 3004 437 3039 Patron
457 3003 628 3037 Antonio
648 3000 810 3047 Miguel,
827 3012 854 3047 y
872 3002 893 3034 a
910 3005 1015 3035 otros
1034 2999 1219 3038 Oficiales
1232 3000 1280 3035 de
1300 3002 1335 3035 la
1352 3000 1509 3047 Galera,
1530 3002 1551 3036 a
1565 3001 1601 3036 la
1615 3010 1726 3046 suya.
1745 2998 1874 3034 Sintica

1949 2722 1956 2763 ’ἱ

1953 2777 1956 2794 l
