1958 3210
614 481 1136 556 APPENDIX

779 668 984 678 ——-

875 862 893 903 I

486 967 701 997 EXAMINA
735 969 927 1011 PATRUM
961 971 1019 1000 Ac
1052 972 1277 1002 FRATREM

643 1045 671 1073 E
705 1044 971 1075 socnsTATE
1005 1047 1122 1085 JESU

345 1121 374 1150 A
407 1121 561 1150 PATRE
594 1121 878 1152 HIERONYMO
912 1124 1068 1154 NADAL
1103 1126 1348 1157 coLLEcrm.
1380 1116 1387 1135 ¹

161 1215 196 1245 Ι.
262 1201 496 1244 Abraham
520 1202 727 1244 Semclze.
757 1215 796 1245 2.
826 1205 993 1247 Parum
1024 1207 1140 1248 ultra
1169 1207 1422 1261 quindecim
1446 1225 1587 1253 annos
1611 1227 1692 1253 na—

68 1269 154 1303 tus.
183 1274 218 1315 3.
244 1260 329 1302 Fui
352 1268 483 1302 natus
506 1268 550 1304 et
572 1261 791 1304 educatus
814 1262 858 1304 in
881 1265 965 1305 hac
988 1264 1223 1309 civitate...
1252 1280 1315 1309 12.
1340 1270 1418 1310 Est
1435 1269 1528 1323 jam
1547 1286 1692 1313 annus

66 1321 286 1376 expletus,
313 1334 367 1362 ex
389 1334 478 1374 quo
507 1319 669 1362 intravi
702 1320 1028 1365 Societatem...
1069 1337 1131 1377 14.
1163 1327 1265 1368 Non
1290 1326 1352 1368 fui
1376 1337 1604 1382 promotus
1635 1331 1690 1371 ad

64 1379 242 1434 aliquos
264 1378 589 1422 ecclesiasticos
623 1380 819 1422 ordines.
863 1392 928 1435 15.
966 1384 1222 1438 Numquam
1258 1385 1320 1426 fui
1354 1386 1398 1428 in
1430 1388 1577 1441 aliquo
1606 1389 1691 1431 alio

64 1437 274 1494 collegio.
314 1439 378 1480 16.
414 1438 516 1480 Feci
546 1440 626 1480 has
656 1446 831 1481 tanturn
861 1441 1164 1496 probationes,
1198 1443 1419 1487 videlicet:
1454 1447 1537 1489 feci
1562 1462 1690 1490 exer-

61 1497 169 1540 citia
191 1496 452 1552 spiritualia,
485 1505 528 1539 et
561 1497 623 1539 fui
652 1505 856 1541 versatus
885 1499 930 1541 in
959 1501 1216 1544 domesticis
1245 1504 1452 1559 neg-otiis.
1490 1518 1555 1560 13.
1589 1508 1689 1549 Non

4 1582 34 1587 --
69 1556 153 1601 feci
169 1563 290 1598 vota.
316 1554 364 1613 [1,
397 1556 544 1615 IS.bi‚-j

159 1628 197 1658 Ι.
260 1615 530 1658 Ασίαἰόενίιιε
553 1616 740 1658 Bazctek.
770 1629 809 1658 2.
847 1617 1016 1674 Attigit
1038 1618 1083 1660 in
1112 1620 1273 1662 Martio
1303 1622 1539 1675 praeterito
1563 1623 1691 1679 vige-

62 1673 226 1717 simum
249 1682 458 1716 octavum
487 1689 668 1717 annum.
698 1688 738 1729 3.
766 1677 958 1720 Natione
990 1679 1223 1731 bohemus,
1262 1681 1430 1724 Polnae
1463 1689 1609 1734 natus,
1648 1692 1691 1726 et

66 1733 320 1788 Pardubicij
347 1732 395 1791 [Ρ]
423 1747 479 1775 ex
506 1743 632 1788 parte
655 1735 929 1778 educatus...
962 1749 1027 1779 12.
1056 1737 1294 1780 Admissus
1318 1747 1385 1782 est
1408 1740 1452 1781 in
1479 1742 1693 1785 Bohemia

62 1792 110 1835 in
133 1792 322 1848 collegio
345 1792 555 1848 pragensi
584 1793 741 1836 ultimo
770 1794 842 1846 die
872 1796 1152 1850 Decembris,
1189 1798 1424 1842 occidente
1457 1799 1543 1842 iam
1577 1802 1688 1851 sole,

63 1866 182 1894 anno
207 1852 371 1906 1556...
405 1864 470 1904 14.
498 1853 576 1894 Est
605 1854 813 1896 sacerdos
841 1856 1010 1898 Romae
1039 1857 1184 1898 factus
1216 1872 1333 1899 anno
1372 1859 1495 1913 1563,
1531 1859 1603 1902 die
1637 1862 1692 1902 26

18 1949 20 1952 .
63 1910 228 1955 Martii.
261 1921 325 1965 15.
356 1910 506 1953 Primo
531 1914 705 1966 Pragae
727 1913 900 1968 exiguo
912 1921 1128 1969 tempore,
1154 1915 1315 1964 deinde
1334 1918 1595 1973 ingolstadii
1614 1934 1691 1974 per

62 1985 90 2026 9
108 1964 301 2014 nienses:
328 1977 429 2025 post
452 1972 619 2014 Romae
642 1986 719 2026 per
737 1972 763 2013 ὁ
787 1973 878 2016 sere
901 1988 1058 2026 annos3
1080 1974 1238 2017 ultimo
1263 1975 1467 2020 Viennae
1499 1992 1578 2032 per
1603 1986 1691 2021 tres

62 2043 219 2071 annos.
253 2030 317 2072 16.
355 2029 578 2072 Exercitia
601 2029 847 2085 spiritualia
876 2032 980 2074 fecit
1010 2041 1076 2074 ter
1113 2034 1375 2089 Ingolstadii
1398 2050 1477 2090 per
1505 2038 1554 2079 18
1577 2038 1687 2090 dies;

63 2089 233 2131 Romae
250 2103 357 2132 vero
374 2088 442 2130 bis
459 2089 596 2131 semel
621 2103 698 2144 per
725 2090 973 2143 octiduum,
1008 2092 1146 2134 altera
1180 2093 1276 2136 vice
1306 2108 1383 2148 per
1418 2108 1483 2146 Io,
1516 2103 1565 2137 ut
1594 2096 1687 2150 opi-

11 2203 13 2205 *
62 2157 166 2200 nor,
197 2146 293 2190 dies
318 2147 389 2189 vel
419 2147 622 2202 amplius.
651 2148 713 2190 2.⁰
747 2149 984 2193 Inservivit
1021 2152 1292 2206 pauperibus
1331 2155 1503 2196 Romae
1531 2154 1576 2196 in
1610 2170 1689 2198 xe-

40 2206 295 2248 'nodochiis
327 2213 409 2249 ter:
446 2206 515 2248 bis
545 2208 663 2262 apud
699 2208 745 2251 S.
782 2210 1002 2265 Jacobum
1039 2209 1352 2253 inc'urabilium
1389 2227 1467 2266 per
1508 2226 1558 2266 14
1596 2214 1690 2256 dies

60 2266 215 2318 semel,
240 2264 287 2307 in
308 2265 516 2320 hospitali
544 2267 954 2311 convalescentium
978 2283 1055 2323 per
1084 2270 1107 2310 8
1138 2269 1245 2313 dies.
1272 2270 1337 2324 3.⁰
1368 2272 1689 2327 Peregrinatus

8 2361 19 2373 ,
59 2331 129 2367 est
166 2323 212 2365 in
233 2332 497 2380 paupertate
524 2340 549 2368 a
580 2327 723 2368 Roma
751 2328 997 2370 Lauretum
1027 2342 1185 2382 usque,
1228 2336 1271 2372 et
1300 2344 1324 2371 a
1354 2331 1550 2373 Laureto
1580 2331 1686 2374 item

61 2383 297 2426 Romam...
327 2395 392 2436 17.
413 2384 732 2428 Confessiones
755 2386 810 2427 ab
829 2400 882 2429 eo
901 2393 1099 2441 tempore
1118 2402 1206 2441 quo
1226 2388 1369 2430 factus
1393 2396 1460 2432 est
1478 2391 1687 2433 sacerdos

27 2452 33 2457 ·
59 2455 237 2497 semper
260 2442 352 2486 fere
375 2442 546 2485 audivit
574 2443 742 2499 linguis
764 2444 916 2496 latina,
941 2445 1104 2497 italica,
1131 2447 1403 2501 germanica,
1431 2448 1684 2500 bohemica,

61 2500 285 2545 mediante
307 2515 396 2556 qua
418 2510 463 2545 et
484 2502 749 2557 polonorum
767 2503 938 2546 audivit
955 2505 1275 2549 confessiones.
1299 2506 1456 2548 Astitit
1476 2508 1687 2562 frequen—

133 2643 141 2663 ¹
194 2642 251 2676 Ex
277 2641 371 2677 Cod.
401 2642 459 2676 16.
494 2641 592 2676 Vide
617 2642 720 2678 dicta
743 2643 782 2678 in
807 2644 937 2690 Epist.
964 2644 1117 2685 Nabal„
1148 2646 1178 2690 I,
1204 2654 1343 2691 XLVIII,
1370 2655 1484 2682 XLIX.
1510 2648 1685 2694 Numeri,

56 2688 196 2734 quibus
217 2689 345 2723 variae
364 2690 636 2735 responsiones
655 2691 872 2735 signantur,
892 2691 1129 2737 respondent
1148 2692 1321 2727 formulis
1337 2705 1357 2727 a
1374 2694 1503 2729 Natali
1519 2695 1685 2739 traditis,

6 2755 9 2757 >
58 2747 151 2782 quas
170 2735 360 2771 edidimus
379 2736 418 2771 in
438 2742 468 2771 t.
494 2737 524 2780 I,
544 2737 727 2783 append,
747 2738 833 2782 XX,
853 2739 965 2772 XXII
984 2745 1023 2773 et
1037 2739 1182 2782 XXIII3
1204 2751 1280 2774 non
1301 2746 1432 2775 autem
1457 2753 1611 2788 semper
1631 2755 1687 2778 re-

7 2792 9 2795 ·
58 2783 251 2835 spondent
268 2783 510 2818 examinibus
529 2784 793 2831 autographis,
813 2785 851 2819 in
869 2785 1010 2831 quibus
1030 2786 1125 2820 mira
1141 2786 1308 2821 varietas
1328 2792 1366 2822 et
1385 2788 1562 2824 confusio
1578 2801 1688 2836 repe-

58 2835 166 2865 ntur.
186 2831 414 2866 Examinum
433 2837 615 2877 excerpta
633 2831 833 2867 dumtaxat
851 2832 1001 2874 damus,
1022 2833 1069 2867 ad
1094 2834 1263 2868 litteram
1282 2840 1412 2870 autem
1432 2847 1480 2870 ex
1507 2842 1685 2881 autogra-

57 2876 140 2921 phis
159 2877 366 2924 descripta.
388 2879 645 2914 praeclarium
665 2885 794 2914 tamen
812 2879 1064 2925 quorumdam
1084 2881 1253 2915 virorum
1281 2882 1459 2917 examina
1486 2883 1684 2919 interdum

56 2923 207 2970 integra
230 2925 404 2968 edemus,
430 2926 523 2960 nihil
548 2926 586 2960 in
611 2926 719 2972 ipsis,
744 2938 793 2961 ne
816 2938 997 2961 numeros
1026 2926 1183 2974 quidem
1215 2929 1510 2974 responsionum
1538 2931 1676 2967 immu—
