1958 3210
235 172 281 217 34
797 174 841 209 P.
870 174 1057 209 NATALis
1083 175 1302 210 EPHEMER.

235 290 340 319 nem
363 274 554 330 rogandi
577 288 681 316 eum
704 274 938 327 scriberet,
964 276 1130 330 quibus
1153 276 1311 331 medijs
1330 291 1433 320 eum
1450 278 1576 320 Deus
1593 276 1799 320 iuuisset:
1827 277 1872 319 id

237 365 376 406 quum
400 350 593 406 primum
616 351 720 394 veni
743 365 799 393 ex
822 351 990 405 Sicilia,
1018 355 1079 394 2.⁰
1102 352 1210 396 item
1235 367 1374 407 quum
1397 369 1452 397 ex
1474 353 1626 398 Sicilia
1653 353 1782 409 redij,
1810 356 1869 407 3?

236 427 355 472 idem
379 427 470 470 vrsi
493 429 578 470 hoc
603 434 822 484 tempore,
849 435 936 471 etc.
963 430 1012 471 Id
1037 429 1142 473 fecit
1163 444 1243 484 per
1260 430 1544 473 Ludouicum
1562 431 1807 486 Goncalez.

326 584 408 626 46
442 594 511 626 2.a
538 584 760 637 MISSIO,
783 585 959 639 QUAE
976 585 1119 628 FUIT
1139 585 1332 627 PRIMA
1351 586 1413 628 IN
1431 586 1810 644 GERMANIAM

328 741 484 796 Quum
522 754 595 783 me
632 741 911 785 deducerent
948 741 1080 797 officij
1121 742 1268 799 gratia
1311 744 1364 785 Ρ.
1411 742 1521 785 Luis
1557 742 1788 797 Goncales
1830 748 1877 785 et

238 821 296 862 D.
339 818 640 870 Theotonius,
680 818 742 861 ita
779 818 854 875 egi
892 833 996 862 cum
1027 821 1130 873 hoc,
1165 827 1215 862 vt
1247 819 1382 863 fuerit
1414 826 1523 862 tunc
1560 819 1882 862 reconciliatus

241 898 293 939 P.
336 896 530 952 Ignati03
572 911 729 939 verum
767 912 858 939 non
896 896 982 939 fuit
1018 897 1234 940 diuturna
1268 899 1380 940 haec
1413 896 1740 948 reconciliatio,
1771 911 1876 939 nam

241 988 381 1029 quum
420 973 552 1029 redijt
590 975 646 1016 ad
684 973 896 1030 pristinas
938 974 1233 1026 dificultates,
1279 982 1463 1017 coactus
1507 974 1591 1016 fuit
1634 974 1815 1017 tandem
1864 974 1875 993 ¹

241 1053 293 1093 Ρ.
321 1051 526 1107 Ignatius
548 1051 673 1094 illum
697 1067 722 1094 a
746 1051 974 1096 Societate
997 1053 1252 1096 amandare.

328 1128 434 1171 Dixi
467 1130 520 1171 P.
555 1129 786 1171 Lodouico
814 1130 1020 1183 Goncalo
1051 1129 1162 1171 nihil
1194 1144 1243 1172 se
1279 1129 1434 1172 Vtilius
1472 1129 1689 1173 Societati
1727 1129 1880 1171 facere

239 1220 388 1261 posse,
415 1221 550 1261 quam
573 1206 610 1248 si
635 1208 681 1248 P.
709 1206 871 1262 Ignatij
896 1206 1202 1250 valetudinem
1225 1213 1452 1259 curarent,
1478 1214 1528 1248 vt
1548 1212 1701 1262 posset
1719 1204 1875 1250 Socie-

240 1290 379 1326 tatem
402 1298 537 1338 quam
559 1283 813 1328 diutissime
835 1285 1105 1340 gubernare.
1140 1283 1145 1341 Ι

329 1360 468 1405 Venit
489 1375 667 1404 mecum
691 1363 821 1405 Ionas
846 1363 1057 1405 bauarus.
1085 1362 1280 1418 Repperi
1305 1365 1357 1405 P.
1380 1364 1583 1418 Laynem
1600 1362 1872 1406 Florentiae.

240 1439 460 1482 Voluerat
490 1441 541 1482 P.
575 1439 781 1495 Ignatius
809 1448 858 1481 vt
886 1446 1047 1483 neuter
1076 1440 1203 1483 alteri
1233 1441 1456 1483 subesset.
1498 1441 1744 1494 Nunquam
1784 1440 1877 1483 fere

239 1517 356 1560 bene
379 1516 597 1559 conuenit
618 1515 728 1558 mihi
757 1531 861 1559 cum
890 1516 981 1569 illo,
1013 1531 1065 1560 ac
1094 1517 1140 1559 in
1167 1517 1327 1576 itinere
1361 1517 1542 1572 quidem
1572 1516 1742 1572 impegi
1770 1531 1875 1572 pro-

239 1600 338 1649 pter
361 1593 717 1649 disputationem
746 1596 1003 1649 quamdam.
1035 1596 1278 1650 Augustae
1307 1594 1441 1638 etiam
1471 1596 1633 1638 acerbe
1662 1593 1752 1650 egi,
1785 1600 1873 1638 etc.

241 1672 348 1713 Erat
370 1672 503 1727 plane
531 1686 632 1715 mea
660 1671 797 1714 animi
826 1671 1080 1724 infirmitas,
1112 1679 1198 1716 etc.
1232 1672 1453 1716 Venimus
1483 1673 1742 1728 Augustam
1772 1685 1878 1714 cum
1898 1702 1911 1712 ψ

241 1750 431 1792 Morono
463 1750 519 1792 ad
548 1749 819 1792 dominicam
850 1749 1094 1792 Passionis.
1127 1749 1464 1793 Inconsiderate
1493 1757 1651 1792 contra
1680 1748 1876 1792 haereti-

240 1840 321 1869 cos
344 1825 389 1868 in
417 1841 573 1869 mensa
603 1827 796 1870 Moroni.
827 1826 1068 1882 Disputaui
1098 1841 1200 1869 cum
1231 1826 1337 1869 italo
1369 1827 1612 1870 haeretico.
1650 1826 1874 1870 Auditum

241 1911 310 1947 est
334 1904 483 1947 triduo
511 1911 590 1947 aut
617 1904 859 1959 quatriduo
888 1906 945 1948 de
974 1912 1117 1947 morte
1155 1905 1230 1947 47
1269 1905 1382 1960 Iulij.
1426 1906 1726 1948 Commendat
1764 1904 1874 1946 mihi

239 1988 526 2037 augustanus
547 1988 596 2023 vt
618 1981 760 2024 visam
783 1981 1062 2038 dilinganam
1085 1982 1377 2034 academiam,
1403 1996 1493 2037 quo
1520 1981 1686 2038 possim
1717 1983 1773 2026 de
1800 1982 1875 2024 illa

239 2059 407 2103 referre
449 2060 505 2101 ad
547 2058 822 2115 pontificem.
876 2060 1064 2102 Abeunt
1112 2061 1300 2103 Romam
1351 2059 1601 2102 cardinales
1624 2076 1631 2101 :
1684 2059 1873 2103 discedit

240 2137 292 2179 P.
324 2137 525 2192 Laynes:
559 2150 647 2192 ego
674 2138 839 2181 haereo
870 2139 988 2192 apud
1018 2137 1295 2193 Delphinum
1334 2136 1560 2180 nuntium:
1603 2137 1738 2179 audio
1775 2136 1875 2181 eius

238 2213 569 2257 confessionem
592 2220 638 2258 et
662 2213 856 2257 familiae
878 2214 922 2257 in
953 2215 1236 2257 hebdomada
1267 2222 1438 2257 sancta:
1466 2214 1599 2258 audio
1628 2215 1872 2257 multorum

237 2290 547 2346 hispanorum,
569 2291 686 2336 inter
703 2293 786 2335 hos
803 2292 985 2335 Martini
1003 2292 1242 2344 Gusmani,
1263 2292 1458 2348 primarij
1479 2292 1628 2335 aulici.
1651 2292 1741 2335 Hic
1764 2293 1872 2335 noui

238 2369 488 2424 Nogeram,
515 2369 593 2424 qui
617 2376 725 2412 tunc
748 2376 845 2412 erat
868 2371 1136 2426 pedagogus
1164 2369 1241 2425 filij
1272 2369 1475 2413 Martini:
1503 2369 1588 2411 fuit
1610 2377 1770 2426 postea
1792 2372 1865 2413 de-

238 2460 380 2488 canus
402 2446 679 2499 viennensis,
707 2453 793 2490 etc.
826 2447 831 2504 Ι

329 2526 441 2566 Post
462 2526 632 2580 pascha
648 2524 835 2569 discessi
858 2539 961 2568 cum
985 2527 1092 2568 Iona
1109 2525 1356 2581 Dilingam.
1381 2525 1559 2569 Placuit
1581 2525 1870 2577 vniuersitas;

235 2601 344 2644 noui
368 2601 429 2643 ibi
452 2602 753 2656 Hundanum,
780 2610 825 2645 et
848 2602 1026 2659 egimus
1049 2604 1105 2647 de
1134 2602 1291 2655 literis,
1318 2610 1404 2646 etc.
1437 2603 1546 2646 Inde
1575 2603 1765 2659 profecti
1793 2618 1871 2645 su—

236 2693 339 2721 mus
356 2665 495 2721 'Ionas
519 2686 564 2723 et
587 2694 674 2735 ego
713 2679 953 2732 Viennam,
994 2695 1097 2723 nam
1136 2680 1181 2721 in
1221 2680 1390 2724 Sueuia
1426 2681 1499 2723 vel
1539 2680 1732 2723 Bauaria
1760 2680 1871 2722 nihil

235 2757 529 2800 habebamus.
574 2757 846 2813 Episcopum
885 2757 1242 2813 ratisponensem
1275 2772 1411 2813 aegre
1439 2758 1671 2814 potuimus
1704 2759 1875 2801 saluta—

237 2847 301 2886 re,
328 2841 414 2877 etc.
442 2835 489 2876 In
515 2833 675 2878 itinere
699 2834 897 2878 viatores
919 2835 1090 2891 aliquot
1113 2835 1344 2888 haeretici,
1378 2837 1483 2880 facti
1513 2836 1644 2880 nobis
1671 2834 1874 2888 obuiam.

310 3007 319 3026 ¹
372 3003 565 3051 MS.,f1-tit
585 3005 747 3040 tandem
759 3003 862 3051 fuit.

1953 278 1958 393 ἓ

1952 398 1958 532 ᾗ

1954 534 1958 580 ξ

1956 590 1958 629 ε
