1958 3210
794 182 1016 219 APPENDIX
1070 206 1073 210 -
1646 188 1711 232 561

81 283 191 324 todo
213 288 373 338 gastey
395 295 451 323 en
477 282 649 325 officios
680 285 735 326 de
764 298 883 336 casa,
909 300 934 328 e
963 299 1017 327 ao
1045 293 1251 340 presente
1284 301 1361 330 sao
1387 288 1612 343 forneyro,
1639 303 1664 331 e
1687 304 1715 331 O

80 341 254 384 demais
278 342 356 396 fuy
377 341 662 384 cozinheiro..
677 377 684 385 .
718 355 788 385 22.
821 345 935 386 Nam
966 346 1103 386 tenho
1133 347 1311 388 ordens.
1347 359 1417 400 23.
1452 348 1535 389 Em
1565 349 1713 390 Evora

84 401 164 455 fuy
187 399 456 451 cozinheiro,
484 402 707 455 roupeiro,
734 402 1026 456 refeitoreiro,
1051 404 1373 459 despenseyro‚
1395 421 1465 449 em
1485 407 1712 461 Coymbra

78 458 339 501 cozinheiro
356 473 381 501 e
400 459 556 513 forne)
561 474 633 501 ro.-
656 473 727 502 ..2
735 459 898 513 afeira,
932 469 983 503 1.‘
976 461 1181 517 oytava
1202 464 1260 506 do
1283 464 1452 519 Spirito
1475 473 1632 508 sancto
1655 467 1711 509 de

91 519 196 572 1561
224 531 400 560 annos..
413 516 516 574 ,[ΙΙ,
544 519 583 572 2]

178 589 215 619 Ι.
281 578 430 620 Vocor
445 577 680 633 johannes
705 579 869 620 Coxns.
898 590 938 620 2.
966 579 1139 634 V1<r1nt1
1159 595 1358 636 qumque
1375 589 1523 624 natus.
1548 596 1588 636 3.
1611 584 1710 625 An-

80 636 202 691 glus,
229 635 487 690 prouinciae
525 636 850 679 wintonensis..
901 648 942 690 7
975 639 1094 680 Dum
1125 639 1387 695 ingrederer
1415 641 1706 694 Societatem

81 696 274 750 agebam
297 696 626 738 sacerdotem...
660 708 725 737 12.
752 696 837 738 Die
860 698 1058 739 secundo
1082 699 1352 741 Novembris
1375 707 1584 754 receptus
1608 715 1707 743 sum

77 768 106 795 3
110 730 240 796 0Rdo.
271 755 403 796 Patre
427 754 626 810 generali
650 754 869 805 Tridenti,
896 755 984 797 ab
975 770 1071 810 ipso
1094 772 1184 799 non
1203 758 1518 801 examinatus..
1534 770 1634 813 1.5.
1657 761 1707 802 In

79 827 264 855 romana
293 790 455 855 domo&
455 814 760 868 professorum
795 822 839 857 et
867 814 1142 869 enipontano
1170 817 1362 872 collegio
1393 793 1706 861 tantummodo

80 871 158 914 fui.
192 873 257 914 16.
292 872 590 915 probationes
615 872 713 914 feci.
747 885 782 915 1.
810 873 1002 917 Ouatior
1024 874 1182 917 diebus
1213 876 1296 919 feci
1327 876 1583 919 exsercittia
1612 877 1705 932 spi—

75 930 255 973 ritualia
277 932 433 974 Rome.
469 943 492 973 2
502 933 648 974 ,Non
681 931 894 974 inserviui
927 932 972 973 in
1004 934 1296 977 senodochio.
1328 948 1368 988 3
1400 937 1541 977 Roma
1564 951 1705 990 vsque

76 990 358 1033 Tredentum
381 990 485 1033 veni
508 990 860 1045 peregrinatum.
887 993 973 1045 ΠΗ,
997 993 1094 1046 262]

171 1061 206 1091 1.
265 1049 467 1104 Jommes
499 1050 762 1104 Dionysius.
802 1063 842 1091 2.
880 1050 1054 1105 Viginti
1087 1058 1131 1092 et
1164 1066 1318 1093 unum.
1363 1065 1403 1106 3.
1445 1053 1702 1095 Germanus

75 1107 294 1163 geldrius,
321 1109 405 1150 sub
428 1108 688 1163 episcopatu
719 1108 980 1160 coloniensi,
1012 1110 1364 1165 nouiomagus...
1406 1123 1469 1153 12.
1506 1112 1701 1166 [Admis-

77 1181 155 1208 sus
176 1167 246 1221 ab]
273 1167 401 1209 annis
429 1168 607 1210 duobus
636 1167 850 1210 Coloniae
878 1183 902 1210 a
934 1170 986 1210 R.
1022 1171 1073 1211 Ρ.
1107 1170 1408 1212 Leonardo....
1448 1183 1513 1223 14.
1541 1171 1703 1213 Laicus

72 1239 192 1277 sum,
219 1227 298 1269 sed
321 1226 507 1281 primam
531 1234 777 1278 tonsuram,
804 1234 851 1268 vt
880 1234 1058 1279 vocant,
1090 1229 1249 1271 habeo.
1288 1239 1353 1282 15.
1386 1230 1435 1270 In
1458 1230 1701 1272 coloniensi

74 1299 260 1340 semper.
291 1286 378 1340 [HL
411 1298 507 1340 132,
531 1285 632 1340 ¹133]
1095 1317 1098 1319 -

169 1357 205 1387 1.
264 1345 467 1400 joann-es
498 1346 707 1386 Dirsz'zts.
750 1357 791 1386 2.
833 1345 992 1387 Annos
1027 1358 1074 1398 31
1112 1346 1183 1387 vel
1213 1357 1283 1398 32,
1315 1354 1438 1389 certo
1466 1361 1556 1388 non
1593 1346 1696 1388 scio.

75 1416 115 1456 3.
143 1403 335 1446 Natione
358 1419 455 1446 sum
480 1418 739 1459 germanus,
761 1405 956 1446 bauarus
974 1411 1018 1447 et
1040 1404 1426 1447 eichstettensis...
1454 1417 1494 1458 7.
1522 1405 1605 1447 Fui
1624 1420 1695 1448 ca—

73 1462 263 1504 nonicus
286 1478 314 1517 y
338 1462 431 1520 [sic]
456 1463 650 1506 dioecesi
669 1462 935 1514 eistettensi,
957 1463 1275 1515 subdiaconus,
1297 1471 1342 1505 et
1360 1464 1622 1519 Ingolstadii
1645 1464 1698 1505 li-

71 1521 178 1563 teris
201 1522 564 1576 operam'dedi...
603 1535 666 1564 12.
696 1523 832 1564 Anno
861 1533 968 1575 1552
990 1522 1091 1564 ueni
1111 1523 1163 1564 ad
1184 1523 1470 1574 Societatem,
1492 1530 1698 1578 receptus

69 1594 97 1621 a
121 1582 172 1622 P.
200 1581 389 1623 Claudio
411 1581 457 1622 in
480 1581 671 1636 collegio
693 1581 941 1623 viennensi.
970 1581 1261 1623 Examinatus
1286 1588 1392 1623 tunc
1416 1582 1477 1624 fui
1502 1582 1693 1625 obiter...

78 1651 142 1692 14.
165 1640 385 1683 Sacerdos
403 1655 500 1682 sum
520 1640 750 1696 indignus,
768 1648 1020 1695 promotus,
1036 1649 1080 1682 et
1097 1640 1234 1682 sacris
1252 1640 1451 1682 initiatus
1470 1656 1494 1682 3
1512 1643 1698 1683 Rev.1110

71 1698 408 1754 archiepiscopo
439 1699 745 1755 strigoniensi.
786 1710 850 1753 15.
884 1699 988 1742 Vixi
1016 1699 1060 1740 in
1092 1699 1282 1754 collegio
1313 1699 1567 1751 viennensi,
1594 1715 1696 1755 pra—

71 1757 217 1811 gensi,
243 1773 442 1810 romano,
469 1758 825 1814 ingolstadiensi,
854 1759 1128 1810 monacensi,
1155 1758 1474 1813 oenipontano.
1508 1760 1572 1800 16.
1600 1761 1696 1801 Do-

66 1816 259 1859 ctrinam
289 1817 576 1860 christianam
606 1817 785 1872 publice
816 1826 860 1860 et
897 1817 1103 1872 privatim
1134 1818 1298 1859 multos
1327 1817 1412 1859 iam
1442 1832 1582 1859 annos
1611 1818 1695 1873 legi

68 1875 214 1918 omnis
238 1877 418 1932 generis
441 1877 713 1920 hominibus.
740 1876 1046 1919 Concionatus
1065 1892 1179 1918 sum:
1201 1876 1353 1918 audiui
1372 1876 1691 1920 confessiones.

69 1935 183 1990 Legi
212 1935 256 1977 in
285 1937 452 1978 scholis
483 1950 674 1992 semper,
707 1936 906 1991 exceptis
944 1937 1122 1977 duobus
1159 1936 1302 1986 annis,
1337 1936 1499 1989 quibus
1529 1937 1695 1978 Romae

67 1993 174 2036 vixi.
203 2006 266 2047 17.
294 1997 513 2037 Versatus
536 2011 635 2037 sum
658 1995 783 2050 quasi
806 2010 981 2049 semper
1004 1995 1047 2037 in
1066 1994 1198 2037 variis
1217 1995 1454 2037 exercitiis.
1480 1996 1694 2037 Versatus

67 2067 168 2095 sum
190 2053 235 2094 in
258 2054 579 2109 philosophicis
603 2062 647 2098 et
671 2054 951 2109 theologicis,
975 2054 1161 2108 aliisque
1178 2054 1336 2095 studiis
1355 2053 1693 2095 humanioribus

64 2119 112 2154 et
134 2112 317 2167 linguis.
344 2113 547 2156 Viennae
569 2114 643 2169 egi
666 2114 917 2155 ministrum
943 2121 987 2156 et
1010 2121 1249 2164 rectoremg
1276 2112 1437 2155 deinde
1465 2113 1687 2154 confessa-

67 2170 183 2213 rium
207 2172 385 2227 collegii
409 2180 453 2229 et
475 2173 645 2227 templi,
672 2180 721 2214 ut
745 2172 984 2215 Monachii.
1013 2174 1121 2215 Item
1147 2171 1209 2213 fui
1232 2172 1308 2213 diu
1325 2172 1578 2226 praefectus
1596 2178 1684 2212 stu‘

65 2230 244 2277 diorum
267 2231 471 2275 Viennae
493 2239 539 2274 et
567 2231 848 2275 Monachii...
880 2233 1094 2286 [HL-507,
1123 2231 1220 2284 512]

164 2302 199 2331 1.
258 2290 461 2346 joannes
497 2292 678 2333 Fabius.
722 2304 766 2332 2.
806 2293 951 2333 Natus
989 2305 1087 2332 sum
1126 2304 1267 2331 annos
1304 2290 1456 2331 decem
1496 2303 1610 2343 pene
1648 2296 1691 2330 et

67 2355 258 2403 septem.
302 2362 342 2403 3.
384 2349 578 2392 Natione
621 2351 789 2405 gallus,
831 2349 1062 2405 prouincia
1099 2348 1362 2397 leodiensis,
1409 2347 1691 2401 episcopatus

68 2407 288 2507 ejusdem,
315 2408 457 2463 patria
479 2409 788 2451 dionantinus
841 2410 917 2450 .6.
940 2409 1100 2451 Habeo
1124 2408 1303 2449 fratrem
1328 2421 1466 2447 unum
1491 2406 1535 2447 in
1561 2420 1690 2447 mun-

69 2467 146 2508 do
199 2501 205 2508 .
254 2467 443 2510 alterum
483 2469 664 2511 fratrem
702 2469 847 2510 habeo
884 2467 955 2509 hic
993 2467 1039 2508 in
1077 2466 1302 2509 Societate
1349 2467 1379 2505 ¹.
1433 2477 1501 2506 12.
1550 2466 1692 2505 Erunt

72 2525 176 2580 [ab
166 2540 373 2581 ingressu
403 2527 448 2568 in
473 2528 580 2571 Soc.
594 2528 604 2581 ]
639 2534 728 2569 tres
758 2526 861 2568 anni
890 2527 936 2567 in
966 2527 1079 2569 festo
1103 2523 1362 2567 Natiuitatis
1391 2522 1648 2565 Domini...
1673 2557 1680 2563 .

74 2597 144 2637 14
177 2586 299 2627 ΝΟ11.
339 2596 407 2639 15.
442 2586 671 2637 Coloniae,
698 2586 771 2628 hic
794 2581 968 2640 semper
992 2584 1074 2625 fui
1112 2585 1199 2639 [HL
1227 2584 1324 2637 328,
1354 2583 1451 2638 329]

162 2656 198 2685 Ι.
257 2644 461 2700 Joamzes
496 2646 716 2687 Flandeq
837 2643 1119 2698 Vigintitres,
1159 2650 1208 2683 ut
1242 2649 1367 2697 puto
1413 2654 1456 2694 3.
1500 2638 1693 2682 Natione

63 2702 236 2745 flander
256 2704 329 2746 vel
353 2704 672 2755 tranisulanus,
700 2680 953 2755 bollandus,
980 2718 1033 2745 ex
1051 2677 1213 2756 oppido
1232 2702 1480 2755 Campen..
1572 2699 1691 2741 ‚Se—

63 2762 236 2814 quebar
273 2763 444 2817 praxim
478 2764 799 2805 aduocatorum
838 2777 916 2817 per
955 2776 1093 2803 unum
1132 2775 1298 2802 annum
1331 2720 1589 2801 redimendo
1622 2755 1692 2797 ui—

67 2826 213 2862 ctum.
240 2821 349 2864 Inde
379 2823 472 2865 fere
503 2822 684 2864 biennio
713 2821 777 2863 fui
806 2822 925 2876 apud
953 2819 1183 2861 dominum
1213 2819 1269 2861 de
1300 2816 1520 2861 Camera
1511 2832 1556 2857 1n
1579 2815 1695 2857 Hol-

144 2953 150 2970 ¹
205 2950 419 2997 Gregorius
439 2952 594 2986 Fabius.
615 2951 716 2986 Vide
736 2962 849 2996 supra
867 2961 955 2996 pag.
981 2958 1059 2994 114,
1079 2953 1209 2983 annot.
1235 2956 1247 2981 1
