1958 3210
261 222 327 258 128
819 220 957 255 EPIST.
985 219 1028 254 P.
1057 219 1335 255 NADAL-221

258 322 490 373 citissime,
512 329 557 366 et
574 334 675 363 eam
691 319 873 364 mittent
890 327 1014 364 recta
1031 321 1088 365 ad
1101 323 1283 363 Patrem
1301 329 1505 364 nostrum
1522 314 1796 377 generalem3
1818 323 1897 364 sed

258 399 453 456 primum
476 399 532 440 ad
556 400 608 440 P.
636 396 871 440 Canisium
894 398 1173 453 Augustam,
1198 403 1248 439 vt
1269 398 1551 450 breuissime,
1578 413 1693 454 quae
1715 397 1776 439 illi
1808 400 1897 440 Pa—
1957 431 1958 434 η

259 485 350 520 tres
367 474 646 531 scripserint,
665 475 791 530 legat
807 473 947 516 biduo
963 474 1037 517 vel
1054 473 1220 526 triduo,
1241 482 1303 528 et,
1319 475 1520 518 adhibito
1537 475 1704 518 iudicio
1721 489 1820 527 suo,
1842 476 1900 517 ad

260 555 443 596 Patrem
467 551 790 610 [transmittat].
820 552 922 594 Hoc
943 565 1225 607 magnopere
1247 565 1404 595 omnes
1423 551 1748 596 desideramus.
1773 554 1897 595 Dent

259 644 443 687 operam
467 632 626 673 Patres
648 627 754 671 huic
778 627 966 684 negotio
989 627 1247 684 diligenter,
1274 630 1354 673 sed
1384 636 1534 672 tamen
1562 629 1624 671 ita
1652 636 1701 671 vt
1728 643 1785 672 ne
1815 644 1901 684 pe——

259 707 482 751 riclitetur
505 720 662 750 eorum
685 704 990 758 incolumitas,
1025 712 1209 761 propter
1241 705 1430 748 nimium
1462 707 1677 748 laborem.
1712 707 1828 749 Nam
1860 706 1899 748 si

259 785 358 828 fieri
386 791 543 841 posset
570 790 620 825 vt
647 782 866 839 proximis
889 781 1104 825 nundinis
1122 783 1348 835 ederetur,
1369 790 1489 826 esset
1505 782 1715 826 omnibus
1732 783 1899 839 gratis—

260 862 425 905 simum
447 868 492 906 et
515 876 607 904 non
629 861 803 914 absque
826 860 977 902 fructu
1001 859 1185 916 insigni.
1213 859 1358 904 Simul
1379 860 1655 913 curabimus,
1674 868 1724 902 vt
1741 861 1797 903 ad
1815 860 1899 903 alia

259 939 603 996 respondeatur,
629 936 830 980 libellum
855 937 1006 989 edere,
1031 951 1124 993 quo
1148 944 1403 993 exponatur
1425 936 1602 980 initium
1625 944 1670 979 et
1688 952 1902 994 progres—

260 1031 339 1060 sus
362 1015 618 1071 Societatis.
646 1013 870 1057 Dominus
892 1013 977 1058 erit
998 1014 1250 1057 vobiscum.

352 1107 393 1137 2.
461 1092 847 1149 Quandoquidem
869 1091 1095 1136 habebitis
1117 1092 1205 1135 iam
1232 1108 1258 1135 a
1278 1100 1432 1136 nostro
1451 1094 1588 1137 Patre
1603 1092 1771 1145 literas,
1797 1093 1902 1147 qui-—

260 1173 347 1214 bus
369 1185 442 1214 res
463 1178 641 1214 vestrae
664 1169 935 1225 dirigantur,
961 1169 1071 1211 nihil
1094 1176 1162 1213 est
1185 1171 1307 1225 quod
1329 1171 1386 1213 de
1408 1169 1463 1213 iis
1491 1171 1548 1212 ad
1575 1184 1657 1212 vos
1685 1170 1899 1221 scribam,

262 1263 412 1304 neque
434 1263 517 1291 vos
538 1248 594 1290 de
617 1247 776 1289 iisdem
799 1247 855 1289 ad
877 1261 950 1289 me
972 1246 1196 1300 scribatis;
1222 1248 1301 1290 sed
1324 1247 1474 1290 omnia
1496 1248 1553 1289 ad
1576 1249 1758 1290 Patrem
1781 1247 1898 1290 refe—

260 1326 383 1369 ratis.

352 1418 391 1458 3.
459 1402 607 1458 Cupio
638 1417 722 1445 vos
749 1417 907 1445 omnes
934 1402 980 1445 in
1013 1402 1208 1445 Domino
1228 1392 1357 1446 'bene
1388 1403 1554 1455 valere3
1591 1416 1678 1458 ego
1718 1401 1899 1456 quidem

258 1482 378 1525 bene
400 1481 545 1533 valeo,
571 1479 754 1523 Christo
776 1479 937 1536 gratia.
960 1479 1153 1524 Substiti
1171 1479 1341 1535 aliquot
1358 1479 1454 1523 dies
1472 1479 1516 1521 in
1535 1481 1620 1521 hac
1638 1480 1787 1531 domo,
1808 1493 1898 1521 non

261 1557 498 1610 inutiliter,
525 1564 573 1599 vt
595 1571 744 1613 spero,
771 1563 1036 1612 occupatus.
1062 1556 1240 1600 Deinde
1262 1571 1317 1599 ex
1345 1555 1493 1599 officio
1521 1556 1899 1612 ingolstadienses

261 1642 441 1678 nostros
462 1634 612 1677 inuisi:
641 1634 790 1676 triduo
812 1633 1071 1690 proficiscar
1094 1635 1436 1690 Oenopontum,
1463 1633 1568 1677 inde
1590 1648 1700 1677 vero
1719 1634 1900 1689 profici—

261 1727 360 1755 scar
383 1711 608 1756 Viennam
632 1718 677 1755 et
700 1712 756 1753 ad
779 1710 951 1766 reliqua
974 1710 1181 1767 collegia,
1207 1710 1382 1755 etiamsi
1404 1710 1655 1767 intelligam
1683 1710 1903 1766 suspitio-

262 1804 365 1832 nem
388 1789 527 1845 pestis
551 1803 650 1832 esse
673 1788 719 1830 in
741 1787 828 1830 illis
850 1787 1113 1830 ciuitatibus
1141 1790 1168 1831 ¹.
1196 1789 1442 1843 Propterea
1469 1787 1733 1830 nominatim
1761 1787 1897 1843 cupio

262 1880 362 1910 esse
385 1866 751 1910 commendatum
775 1865 989 1908 Patribus
1010 1872 1055 1908 et
1079 1865 1309 1918 fratribus,
1333 1872 1383 1907 vt
1411 1865 1456 1906 in
1485 1865 1632 1907 missis
1660 1872 1705 1909 et
1733 1864 1902 1908 oratio-

261 1943 397 1986 nibus
420 1942 514 1985 suis
537 1941 824 1985 meminerint
846 1949 1104 1985 nostrorum
1128 1942 1440 1998 collegiorum,
1467 1956 1582 1997 quae
1600 1950 1706 1984 sunt
1723 1943 1770 1984 in
1786 1943 1902 1985 ciui-

263 2019 449 2072 tatibus,
475 2034 592 2074 quae
614 2026 741 2074 peste
763 2020 988 2061 laborant.

351 2096 413 2140 Hi
438 2099 598 2139 Patres
621 2103 664 2140 et
690 2097 849 2139 fratres
871 2103 917 2139 et
939 2111 1096 2140 omnes
1120 2098 1279 2141 Patres
1302 2104 1347 2140 et
1376 2097 1536 2140 fratres
1564 2097 1674 2140 istos
1701 2098 1903 2140 salutant

261 2175 306 2218 in
330 2173 543 2217 Domino.
570 2172 795 2217 Dominus
824 2173 882 2216 sit
910 2173 1163 2216 nobiscum:
1195 2188 1274 2216 ora
1301 2188 1382 2229 pro
1411 2189 1498 2225 me,
1532 2175 1682 2217 Pater.
1715 2173 1898 2231 [Augu-

260 2251 390 2311 stae],
416 2252 444 2294 ὁ
466 2250 739 2295 Nouembris
768 2251 894 2305 1562.
922 2252 1051 2293 Tuus
1072 2250 1118 2292 in
1141 2250 1326 2294 Christo
1348 2265 1524 2303 seruus,

1299 2327 1327 2385 †
1360 2329 1593 2372 NATALIS.
1630 2328 1658 2386 ΔΓ

1472 2404 1503 2464 ,

333 2576 342 2595 ¹
395 2574 494 2609 Vide
514 2575 631 2621 epist.
658 2572 739 2608 218.
