1958 3210
281 244 294 270 1
303 235 326 271 6
840 235 884 269 Ρ.
913 234 1100 268 NATALIS
1127 234 1345 269 EPHEMER.

269 350 387 378 rum:
416 334 535 376 misit
559 341 715 390 postea
739 335 784 377 in
808 334 1002 377 Galliam
1024 334 1071 376 in
1092 334 1408 387 ministerium,
1433 335 1510 377 vbi
1532 335 1643 377 nihil
1666 335 1787 378 aliud
1812 338 1906 380 fere

266 410 404 469 [tecit]
428 425 561 466 quam
585 424 688 452 cum
711 425 877 466 magna
895 410 1119 466 aegritudi
1138 410 1226 469 [ne]
1245 410 1324 452 48
1342 411 1627 454 conflictatus
1643 419 1727 465 est3
1750 419 1901 456 tamen
1956 419 1958 422 ⁴

266 488 469 531 seculare
493 487 718 541 quoddam
748 486 992 543 negocium
1022 486 1178 528 matris
1207 501 1374 542 magna
1401 487 1635 544 diligentia
1665 488 1710 530 in
1738 497 1903 533 senatu

263 563 452 618 aquensi
475 563 686 607 confecit.
715 565 869 619 Quum
894 563 1084 606 redisset
1100 565 1305 615 Romam,
1325 577 1378 606 ac
1395 564 1579 619 obijsset
1598 568 1649 608 P.
1672 566 1897 622 Ignatius,

266 641 414 683 visum
438 647 507 684 est
532 640 654 683 Patri
678 640 846 683 vicario
873 640 998 682 illum
1032 640 1179 683 facere
1207 640 1369 682 domus
1392 655 1601 685 romanae
1624 642 1901 685 ministrum:

261 718 505 760 timebatur
527 717 647 761 enim
671 717 829 773 capitis
852 717 949 760 eius
973 716 1177 769 durities,
1205 731 1322 772 quae
1350 716 1414 759 illi
1442 732 1617 774 semper
1639 719 1774 761 infuit
1803 719 1899 762 sin-

259 794 446 851 gularis:
464 794 707 838 timebatur
726 794 914 850 pristina
931 793 1132 837 ambitio:
1154 795 1419 849 sperabatur
1437 794 1531 838 fore
1548 795 1673 837 illum
1692 795 1896 850 quietum

261 870 307 913 in
331 870 616 927 magistratu,
643 870 774 914 cuius
797 870 1037 914 videbatur
1059 885 1157 913 esse
1181 869 1356 913 fortiter
1385 878 1617 926 appetens.
1645 873 1749 914 Hoc
1774 873 1897 915 facto

259 947 466 990 ministro
492 949 626 1003 paulo
654 947 660 1005 Ι
689 946 981 989 commodiori
1003 947 1257 999 vtebamur3
1284 947 1363 989 sed
1386 948 1678 990 obseruatum
1701 955 1770 990 est
1792 963 1897 992 eum

260 1024 451 1080 pristino
473 1039 557 1067 suo
579 1025 697 1067 malo
720 1038 810 1066 non
828 1023 973 1066 solum
991 1037 1085 1066 non
1103 1038 1202 1066 esse
1220 1023 1474 1076 liberatum,
1495 1026 1575 1068 sed
1593 1024 1895 1080 importunius

262 1102 411 1144 adhuc
433 1101 602 1157 vrgeri,
623 1117 726 1144 nam
750 1108 795 1144 et
816 1116 843 1144 a
867 1103 1002 1144 Patre
1020 1099 1186 1143 vicario
1203 1115 1295 1143 non
1312 1101 1450 1144 semel
1467 1101 1598 1157 petijt
1614 1109 1663 1143 vt
1681 1101 1766 1144 sibi
1783 1116 1897 1144 con—

257 1180 496 1223 cederetur
518 1179 737 1234 professio
759 1192 787 1233 4
809 1185 1034 1222 votorum:
1070 1177 1199 1220 iussit
1229 1179 1365 1220 Pater
1393 1177 1591 1221 vicarius
1622 1178 1747 1221 illum
1775 1179 1893 1223 bene

258 1269 455 1311 sperare:
497 1255 609 1298 dixit
638 1257 812 1298 nullum
842 1270 975 1311 posse
1002 1254 1327 1310 professionem
1366 1254 1571 1298 emittere
1600 1256 1744 1298 donec
1772 1255 1892 1298 desi-

257 1339 425 1389 gnatus
440 1340 559 1376 esset
576 1332 801 1389 generalis
819 1332 1120 1388 praepositus:
1139 1331 1200 1373 illi
1215 1346 1342 1374 suam
1359 1346 1542 1387 operam
1561 1339 1629 1376 est
1646 1332 1893 1388 pollicitus..

255 1411 359 1453 Non
382 1417 628 1465 potuerunt
651 1412 764 1454 haec
786 1411 945 1452 sedare
967 1409 1063 1452 eius
1086 1408 1375 1460 desiderium,
1397 1408 1527 1451 cuius
1545 1415 1635 1451 tam
1652 1408 1895 1452 videbatur

256 1501 355 1530 esse
378 1486 602 1542 impotens
621 1494 668 1529 vt
689 1486 894 1530 auditum
913 1487 968 1529 ab
987 1501 1040 1529 eo
1057 1485 1115 1528 sit
1132 1500 1196 1537 se,
1216 1485 1252 1528 si
1271 1500 1361 1528 non
1377 1486 1506 1529 fieret
1522 1487 1771 1541 professuS‚
1792 1486 1865 1529 abi
1880 1512 1893 1517 -

254 1570 406 1606 turum
429 1563 580 1619 aliquo
604 1579 659 1606 ne
682 1563 856 1608 videret
880 1562 1283 1619 congregationem
1306 1563 1582 1618 generalem.
1605 1564 1761 1618 Quum
1779 1578 1893 1607 vero

254 1643 413 1684 Patres
436 1640 514 1694 illi,
540 1642 596 1684 de
619 1640 784 1696 quibus
806 1640 914 1693 dixi,
939 1640 1170 1683 venissent
1197 1640 1225 1691 ¹,

536 1793 1010 1853 [EPHEMERIDUM
1044 1794 1204 1837 PARS
1238 1794 1531 1837 SECUNDA
1556 1794 1569 1813 ²

938 1908 1182 1942 1553-1562

1007 2079 1133 2124 1553]

330 2182 358 2224 1
396 2181 772 2224 constitutionum
796 2188 978 2237 propter
1001 2178 1353 2232 festinationem,
1379 2194 1471 2222 non
1493 2178 1613 2223 enim
1641 2186 1771 2222 erant
1798 2195 1881 2223 ex-

243 2257 477 2314 scriptum,
504 2265 549 2302 et
572 2273 684 2314 quas
701 2259 923 2301 habebam
947 2257 1122 2300 institui
1154 2271 1209 2299 ex
1241 2256 1427 2312 antiquo
1459 2256 1703 2312 exemplari
1728 2257 1881 2302 facere

314 2391 323 2410 ¹
375 2388 455 2433 Sic,
477 2389 673 2424 sententia
691 2388 940 2434 incompleta,
960 2387 1121 2434 explicit
1139 2387 1261 2434 prima
1279 2397 1367 2433 pars
1386 2386 1715 2433 Epliemem'dum.

309 2450 322 2468 ‘2
375 2448 474 2482 Vide
493 2447 597 2483 dicta
621 2459 750 2494 supra,
771 2458 887 2494 pagg.
911 2455 924 2481 1
948 2452 988 2481 et
1012 2456 1032 2481 2
1051 2452 1181 2481 annot.
1206 2454 1239 2492 1,
1258 2445 1306 2480 de
1326 2446 1397 2480 hac
1418 2446 1539 2480 altera
1558 2445 1875 2492 Ephemeridum

236 2512 360 2554 parte,
380 2507 491 2553 cujus
516 2507 670 2543 initium
693 2507 857 2554 periisse
882 2506 1050 2550 videtur,
1076 2511 1118 2541 ut
1142 2505 1346 2552 perspicue
1370 2505 1494 2552 liquet
1518 2517 1566 2539 ex
1592 2505 1726 2551 primis
1740 2505 1873 2541 verbis

233 2567 317 2602 folii
339 2575 371 2612 1,
386 2579 551 2613 quorum
570 2579 709 2602 sensus
729 2579 777 2601 ex
796 2565 1124 2612 praecedentibus
1143 2565 1302 2612 pendet,
1321 2565 1464 2611 quibus
1479 2564 1711 2611 principium
1726 2576 1819 2600 suae
1834 2565 1873 2599 in

234 2626 475 2661 Lusitaniam
495 2626 692 2662 missionis
712 2637 913 2661 enarrasse
929 2625 1098 2660 videtur.
1119 2626 1174 2659 Ea
1189 2630 1319 2660 tamen
1334 2626 1515 2670 supplere
1531 2623 1645 2659 facile
1659 2624 1806 2671 poteris
1825 2637 1873 2659 ex

233 2685 295 2730 iis,
316 2697 415 2732 quae
442 2685 567 2720 fusius
596 2686 679 2732 ipse
705 2685 828 2720 Nadal
854 2685 902 2720 de
926 2686 998 2720 hac
1025 2684 1275 2731 expeditione
1300 2684 1456 2730 scripsit
1481 2684 1521 2719 in
1548 2684 1725 2733 epistolis
1750 2683 1876 2728 53-60.

231 2744 380 2780 Sensus
400 2756 494 2780 vero
512 2745 626 2791 hujus
647 2745 794 2792 periodi
814 2744 1068 2791 imperfectae
1087 2744 1141 2779 ita
1159 2744 1338 2779 Natalem
1364 2744 1536 2778 voluisse
1555 2743 1774 2787 exprimere
1791 2754 1878 2778 cre-

229 2804 370 2839 dimus:
394 2805 522 2839 Roma
548 2805 592 2839 in
620 2805 876 2840 Lusitaniam
896 2805 1054 2846 missus,
1075 2815 1156 2838 non
1173 2815 1326 2839 mecum
1352 2803 1511 2850 deferre
1524 2804 1643 2850 potui
1665 2803 1871 2849 exemplar

227 2865 574 2905 constitutionum,
589 2867 758 2910 propter
768 2863 1092 2911 festinationem,
1113 2875 1193 2898 non
1207 2864 1314 2898 enim
1329 2866 1417 2898 erat
1430 2863 1687 2910 exscriptum,
1702 2865 1751 2904 et,
1768 2873 1868 2908 quas

227 2923 430 2965 habebam,
451 2926 568 2959 erant
593 2925 887 2970 compendium,
907 2925 1013 2969 quod
1035 2935 1082 2958 ex
1099 2923 1267 2968 antiquo
1291 2923 1516 2969 exemplari
1529 2922 1671 2969 facere
1690 2923 1864 2968 incoepe-

226 2995 333 3018 ram.
366 2983 452 3018 Hoc
480 2986 615 3018 autem
650 2984 881 3030 compendio
917 2995 1010 3019 usus
1035 2983 1110 3029 fui
1139 2984 1236 3018 dum
1271 2985 1506 3029 exponerem
1540 2993 1719 3018 examen.
1759 2981 1863 3015 Vide

225 3042 356 3089 Epist.
377 3042 531 3084 Natal.,
552 3043 584 3087 Ι,
607 3042 687 3090 186,
712 3055 777 3079 nn.
796 3051 833 3090 7,
852 3042 887 3079 8.

1937 2863 1942 2939 ἱ

1935 2974 1938 3072 ι’
