1958 3210
750 149 969 184 APPEme
1600 154 1669 193 599

798 322 839 364 V
870 322 912 377 (d

516 408 823 445 SANCTIUS
867 410 941 444 DE
984 410 1168 445 LEIVA

576 500 716 530 PATRI
750 501 930 540 JACOBO
964 502 1137 531 LAINEZ

424 563 634 619 Neapoli,
681 564 732 606 16
770 564 1048 619 Septembris
1092 575 1201 622 1559
1238 567 1270 607 ¹.

41 641 141 678 Cum
161 640 321 676 Natalis
340 641 382 676 in
401 640 589 687 Africam
608 651 685 674 non
705 641 814 675 mitti
832 642 972 687 possit,
987 644 1122 687 preces
1150 642 1286 678 Latuit
1310 646 1345 678 et
1373 643 1578 678 Societatis
1592 645 1669 689 pro

501 699 622 745 felici
639 703 780 734 eventu
798 701 1061 746 expeditionis
1074 702 1193 748 petit.

837 765 865 823 †

126 844 254 886 Rmo.
292 847 444 886 sefior.
485 842 675 896 Resceui
705 842 747 884 la
775 849 898 885 carta
929 843 985 887 de
1022 845 1078 887 V.
1124 846 1174 887 P.
1202 859 1258 887 en
1289 851 1522 900 respuesta
1543 845 1599 889 de
1628 845 1670 888 13

38 905 139 954 mia,
165 917 193 957 y
215 901 384 957 holgue
412 907 582 956 quanto
605 901 760 956 podria
783 901 920 954 dezir,
947 917 1032 945 con
1056 904 1156 955 ella,
1182 918 1261 959 por
1283 919 1415 948 sauer
1437 905 1494 948 de
1518 919 1570 947 su
1594 919 1667 946 33-

37 963 135 1014 lud,
171 976 200 1016 y
228 975 315 1016 que
344 974 414 1003 me
443 959 561 1003 tiene
590 974 646 1003 en
675 975 729 1003 su
761 961 992 1004 memoria.
1032 964 1071 1004 Y
1101 977 1212 1018 pues
1242 978 1299 1007 en
1329 964 1370 1006 13
1402 963 1565 1006 venida
1595 964 1666 1006 del

39 1023 91 1064 P.
116 1023 254 1064 Mtro.
288 1020 433 1063 Nadal
454 1034 514 1061 no
536 1034 592 1074 ay
614 1020 828 1073 remedio,
854 1035 911 1076 yo
934 1036 1005 1065 me
1028 1028 1241 1065 contento
1275 1036 1360 1065 con
1390 1023 1430 1065 el
1460 1023 1666 1078 cuydado

39 1094 125 1136 que
147 1084 172 1122 a
195 1081 251 1123 V.
280 1081 332 1122 P.
358 1094 387 1134 y
409 1082 435 1121 3
456 1093 510 1121 su
533 1080 710 1134 merced
734 1080 797 1122 les
821 1081 967 1135 queda
988 1081 1044 1125 de
1067 1083 1367 1125 encomendar
1389 1085 1414 1124 3
1437 1081 1547 1124 Dios
1570 1090 1666 1126 esta

43 1153 257 1195 enpressa
278 1153 307 1193 y
329 1142 355 1180 3
376 1138 443 1181 103
466 1152 553 1192 que
575 1152 630 1180 en
654 1139 737 1181 ella
766 1141 944 1192 barnos,
976 1155 1003 1195 y
1033 1144 1058 1182 a
1087 1144 1146 1182 mi
1176 1140 1591 1196 particularmente,
1623 1142 1665 1184 10

43 1199 146 1253 qual
169 1199 234 1242 les
256 1197 457 1253 supplico
480 1212 565 1240 con
588 1198 692 1240 todo
715 1199 756 1241 61
778 1199 1178 1254 encarescimiento
1200 1215 1287 1254 que
1305 1201 1469 1256 puedo,
1489 1216 1518 1255 y
1534 1215 1665 1243 como

43 1257 178 1312 quien
200 1261 295 1299 mas
317 1257 359 1299 10
382 1259 439 1300 ha
459 1263 683 1300 menester
706 1272 792 1312 que
814 1258 961 1310 nadie,
987 1274 1067 1314 por
1090 1273 1161 1302 ser
1184 1264 1278 1302 mas
1300 1260 1510 1315 pecador.
1538 1259 1586 1304 Si
1608 1275 1666 1315 yo

45 1332 100 1361 en
124 1317 227 1372 algo
248 1315 435 1372 pudiere
457 1315 598 1359 seruir
621 1320 646 1359 a
675 1318 731 1360 V.
765 1320 843 1369 P.,
876 1332 983 1372 muy
1012 1333 1125 1373 gran
1154 1320 1332 1373 merced
1361 1318 1585 1373 resceuire
1608 1335 1663 1363 en

38 1390 126 1431 que
149 1390 220 1418 me
242 1376 285 1418 10
312 1376 458 1419 emble
486 1380 511 1418 a
539 1377 739 1418 mandar.
771 1377 831 1419 Al
861 1379 913 1419 P.
946 1380 1079 1421 Mtro.
1113 1379 1255 1421 Nadal
1284 1392 1391 1421 veso
1421 1379 1485 1420 las
1508 1393 1664 1421 manos

38 1437 223 1479 muchas
260 1449 414 1487 vezes,
455 1450 484 1490 y
520 1442 705 1477 nuestro
745 1437 893 1479 Sefior
928 1437 970 1479 13
1003 1439 1127 1479 Rma.
1171 1452 1361 1492 persona
1403 1438 1458 1480 de
1497 1439 1557 1481 V.
1607 1440 1659 1481 Ρ.

37 1496 209 1551 guarde
231 1508 361 1537 como
384 1495 560 1538 dessea.
594 1496 663 1538 De
686 1496 880 1550 Napoles
902 1499 926 1538 a
956 1497 1005 1538 16
1027 1497 1083 1539 de
1106 1497 1357 1540 Setiembre
1386 1507 1432 1550 15
1440 1507 1510 1552 59.

289 1556 421 1597 Rmo.
454 1554 614 1606 Sefior³
641 1569 746 1597 vesa
768 1555 832 1597 133
854 1570 1010 1597 manos
1033 1560 1058 1598 a
1082 1557 1140 1599 V.
1176 1558 1231 1598 P.
1264 1571 1317 1599 su
1340 1556 1556 1611 servydor

548 1614 758 1667 SANCHQ
780 1628 856 1657 Ms.
883 1629 945 1658 DE
968 1616 1149 1658 LEYVA.

124 1672 430 1730 Inscrzpti0:†
461 1673 519 1715 Al
548 1674 679 1716 Rmo.
718 1680 873 1726 senor,
904 1674 964 1716 mi
992 1681 1149 1726 senor,
1188 1675 1229 1717 61
1261 1677 1310 1717 Ρ.
1349 1676 1548 1730 Laynez.
1592 1676 1661 1717 En

38 1733 192 1775 Roma.

121 1791 227 1834 Alia
249 1805 409 1834 manu.
449 1793 501 1835 C.
541 1802 666 1849 1559.
693 1793 906 1849 Napoles.
938 1795 1041 1836 Don
1065 1794 1245 1838 Sancho
1272 1793 1329 1839 de
1350 1795 1526 1850 Leyua:
1553 1796 1578 1836 ἐι
1609 1794 1660 1836 16

36 1851 90 1893 de
115 1851 229 1904 7.bre
249 1861 293 1904 5.

123 1911 280 1953 Manet
301 1911 447 1967 sigilli
468 1911 730 1969 vestigium.

794 2045 834 2086 V
864 2046 903 2099 (e

573 2132 902 2168 STANISLAUS
929 2131 1122 2169 HOSIUS

622 2209 827 2244 cardinalis
847 2209 1074 2245 varmiensis

569 2289 708 2319 PATRI
743 2289 923 2328 JACOBO
957 2291 1130 2319 LAINEZ

484 2353 797 2405 Vindobonae,
825 2365 878 2406 27
896 2352 1019 2410 Junii
1050 2354 1159 2407 1560
1181 2355 1213 2396 ⁴².

36 2426 96 2464 De
113 2440 187 2464 sua
206 2430 249 2465 in
271 2429 536 2466 Germaniam
556 2431 769 2478 legatione:
788 2430 969 2477 afflictus
989 2431 1198 2478 religionis
1215 2433 1342 2465 status
1362 2431 1402 2465 in
1425 2430 1665 2465 Germania.-

107 2488 263 2524 Canisii
276 2491 450 2525 adventu
465 2492 632 2538 gaudet:
649 2490 829 2537 Staplzilo
843 2491 1133 2526 haereticorum
1149 2493 1255 2525 artes
1269 2493 1510 2537 perspectae:
1525 2491 1665 2525 Patris

104 2548 278 2590 Natalis,
298 2549 468 2585 Polanci
484 2553 520 2585 et
539 2551 659 2585 totius
678 2550 883 2585 Societatis
896 2550 1079 2596 precibus
1096 2562 1133 2585 se
1152 2551 1412 2585 commendat.

129 2627 236 2670 Rde.
270 2629 419 2671 Pater.
453 2627 629 2671 Literae
657 2629 714 2672 V.
749 2630 819 2680 P.‚
846 2623 1052 2683 quamuis
1080 2628 1308 2683 aliquanto
1339 2627 1481 2670 serius
1511 2627 1659 2671 reddi-

107 2783 118 2802 ¹
174 2782 231 2816 Ex
251 2782 473 2829 archetyp0‚
494 2783 531 2818 in
553 2782 651 2818 Cod.
674 2793 735 2829 39,
755 2782 898 2829 duplici
914 2783 1004 2829 fol.‚
1024 2791 1088 2827 149
1103 2785 1219 2827 (477).
1240 2783 1299 2816 De
1315 2781 1471 2817 Sanctio
1487 2782 1605 2817 Leiva
1620 2788 1659 2818 et

34 2827 81 2863 de
101 2827 247 2864 infelici
267 2829 375 2864 exitu
394 2830 652 2876 expeditionis
671 2830 879 2875 africanae,
899 2830 988 2865 vide
1008 2842 1136 2876 supra,
1156 2841 1246 2875 pag.
1275 2838 1357 2874 175.

103 2878 117 2897 ‘2
167 2877 224 2911 Ex
243 2877 433 2922 originali,
453 2878 492 2913 in
510 2877 604 2913 Cod.
622 2879 681 2923 38,
702 2878 814 2913 unico
833 2878 915 2923 fo].,
938 2886 1001 2922 117
1019 2879 1131 2922 (414).
1151 2877 1264 2914 Hanc
1283 2877 1484 2923 epistolam
1504 2877 1658 2924 scripsit

34 2923 177 2961 Hosius
191 2934 290 2960 anno
306 2925 410 2973 1560,
424 2924 515 2962 dum
533 2925 658 2962 nuntii
675 2926 875 2974 apostolici
894 2937 1051 2962 munere
1066 2924 1292 2972 fungeretur
1307 2924 1346 2961 in
1365 2924 1586 2962 Germania.
1603 2926 1657 2962 Ut
