1958 3210
271 169 342 213 646
875 167 1013 202 EP1sr.
1040 166 1083 200 P.
1113 165 1263 201 NADAL

272 285 320 313 re
348 267 526 311 nouerit
555 268 683 324 plura
712 267 862 311 dicere
892 268 944 310 P.
978 266 1209 309 Natalis...
1250 265 1468 309 Miramur
1497 268 1559 309 M.
1592 268 1903 310 Theobaldum

272 328 473 370 nondum
497 327 553 368 ad
575 333 756 369 nost-ros
784 326 1096 382 Oenipontum
1124 340 1224 369 esse
1247 326 1516 381 profectum,
1548 325 1633 368 nisi
1661 340 1782 369 nunc
1811 327 1905 369 for—

272 395 391 430 tasse
412 400 467 429 eo
496 385 719 441 peruenit,
751 385 806 428 de
834 399 924 440 quo
952 383 1111 440 scripsi
1139 399 1284 439 meam
1313 385 1370 427 ad
1400 385 1450 427 P.
1485 385 1692 428 Natalem
1721 392 1904 429 senten-

273 445 379 487 tiam
407 447 473 487 ¹...

358 503 498 547 Nouit
521 510 565 548 et
590 505 641 546 P.
669 503 843 547 Natalis
866 504 921 546 de
944 510 1065 546 statu
1087 502 1224 545 huius
1246 501 1463 546 ecclesiae
1481 502 1838 560 [herbipolensis]
1862 510 1907 547 et
1946 545 1948 547 ,

269 562 355 605 1061
386 562 602 619 propositi
632 562 892 605 conditione
921 562 1046 615 satis,
1079 569 1129 605 ut
1157 577 1266 606 sane
1294 562 1543 604 uerendum
1571 561 1628 604 sit
1656 575 1713 604 ne
1741 576 1907 618 graues

269 621 400 665 nobis
422 621 652 666 molestias
675 623 848 666 adferat
865 623 952 664 hoc
971 621 1269 677 collegium...
1291 622 1408 664 Nam
1432 620 1588 663 didicit
1609 621 1718 663 satis
1736 623 1789 664 P.
1810 622 1901 664 Na-

272 680 372 724 talis
387 689 556 736 quanta
569 696 865 737 personarum
881 681 1084 737 penuria,
1099 679 1362 736 praesertim
1377 679 1424 722 in
1437 679 1617 731 scholis,
1631 681 1903 732 laboremus,

272 755 355 784 nec
377 748 584 796 sumptus
603 741 783 807 quidem
802 742 961 807 deesse
983 740 1020 783 si
1042 754 1259 783 numerus
1281 745 1538 795 augeatur..
1552 740 1713 782 ‚Haec
1731 746 1905 782 tantum

271 799 436 852 indico,
467 807 513 842 ut
536 799 677 842 maior
700 800 757 842 sit
780 799 957 843 occasio
988 801 1039 842 P.
1072 798 1223 843 Natali
1252 813 1345 841 rem
1380 805 1519 841 totam
1542 773 1836 854 proponendi,
1862 805 1907 841 et

272 874 363 902 non
386 860 530 902 solum
555 859 660 902 huic
683 860 854 911 domui,
881 860 960 902 sed
983 858 1118 902 etiam
1142 858 1402 914 prouinciae
1432 865 1613 900 11051136
1642 857 1909 901 consulendi

271 918 521 962 mutatione
543 919 719 975 capitis,
740 919 838 963 siue
859 918 1162 975 prouincialis.

993 1026 1187 1108 XXVIII

633 1153 777 1191 OTTO
803 1153 1109 1190 TRUCHSESS
1137 1154 1207 1188 DE
1234 1152 1543 1188 WALDBURG

854 1230 1061 1266 cardinalis
1081 1236 1321 1276 augustanus

817 1323 957 1353 PATRI
982 1322 1163 1362 JACOBO
1187 1322 1362 1352 LAINEZ

675 1398 951 1451 Placentiae,
973 1411 1029 1453 24
1046 1397 1311 1443 Decembris
1336 1398 1444 1452 1563
1464 1398 1495 1439 ‘·'.

358 1488 419 1523 De
438 1490 645 1523 contractu
656 1487 921 1534 fundationis
939 1488 1100 1534 collegii
1118 1487 1344 1534 dilingam:
1363 1487 1409 1521 de
1427 1486 1529 1521 socio
1547 1485 1707 1520 itineris
1724 1485 1807 1519 sui.

359 1567 500 1609 Molto
523 1567 636 1609 Rdo.
664 1565 709 1608 in
732 1567 850 1621 Xpo.
888 1566 1078 1609 fratello.
1112 1564 1297 1609 Riceuei
1326 1565 1367 1607 la
1395 1564 1555 1607 lettera
1587 1562 1631 1605 di
1660 1564 1716 1605 V.
1745 1564 1797 1604 P.
1825 1564 1899 1614 R.‚

270 1626 467 1668 1355313
457 1641 502 1667 111
526 1628 696 1669 Τ161110
719 1626 805 1667 3113
827 1640 909 1668 5113
937 1625 1115 1680 partita,
1147 1624 1335 1667 insieme
1363 1624 1433 1666 col
1461 1629 1688 1665 contratto
1718 1637 1850 1677 sopra
1875 1596 1904 1663 il

269 1685 462 1741 collegio
480 1685 523 1727 di
542 1685 742 1741 Dilinga,
760 1685 987 1727 5160111616
1005 1686 1113 1727 hara
1129 1684 1287 1726 scritto
1307 1683 1336 1725 il
1355 1685 1407 1726 P.
1430 1681 1603 1738 Aluigi.
1626 1683 1699 1733 Et,
1720 1695 1768 1723 se
1786 1683 1903 1725 bene

271 1745 330 1787 mi
359 1746 549 1788 sarebbe
578 1751 696 1787 51310
724 1718 768 1786 di
804 1743 1105 1800 grandissima
1139 1750 1433 1786 contentezza
1461 1741 1506 1784 di
1535 1741 1742 1783 ritrouar'
1776 1740 1901 1795 quiui

272 1806 328 1847 V.
365 1807 415 1847 P.
451 1811 495 1846 61
524 1803 554 1845 11
584 1806 635 1846 P.
670 1804 950 1857 Salmerone,
978 1802 1252 1846 nondimeno
1291 1802 1349 1844 mi
1387 1816 1437 1844 so
1475 1799 1773 1856 compiaciuto
1811 1800 1898 1842 del’

271 1864 582 1906 amoreuoleza
604 1863 896 1915 mostratami,
919 1862 1202 1906 considerato
1224 1864 1308 1904 che
1330 1862 1357 1903 l
1379 1862 1535 1904 hauer’
1555 1859 1794 1902 sollicitato
1812 1859 1904 1901 cosi

270 1923 301 1965 il
323 1922 503 1979 partire,
531 1938 622 1965 non
644 1925 744 1965 sara
766 1930 872 1964 nato
895 1922 931 1965 si
954 1937 1045 1965 non
1067 1924 1124 1964 da
1146 1920 1325 1977 cagioni
1349 1920 1393 1962 di
1422 1926 1666 1970 momento,
1693 1932 1820 1961 come
1842 1920 1903 1960 ho

271 1983 474 2026 creduto.
503 1984 559 2024 Et
582 1996 630 2024 se
652 1982 696 2024 io
718 1996 806 2023 11011
833 1984 891 2023 110
913 1983 1019 2024 dato
1040 1981 1184 2037 prima
1206 1983 1289 2023 6116
1312 1982 1422 2022 11013
1454 1979 1647 2034 risposta
1669 1978 1755 2020 alla
1777 1978 1901 2020 detta

270 2057 353 2085 sua
374 2043 550 2093 lettera,
573 2041 903 2083 attribuischilo
927 2042 1013 2084 alla
1035 2040 1239 2084 molestia
1262 2046 1306 2082 et
1330 2038 1508 2082 fastidio
1530 2040 1614 2080 che
1632 2037 1668 2080 51
1692 2036 1903 2092 sogliono

270 2101 402 2157 patir’
426 2101 472 2143 in
496 2100 626 2143 simili
651 2100 759 2156 uiag
762 2100 823 2156 gi.
852 2102 1037 2156 Quanto
1060 2101 1131 2143 all
1153 2100 1455 2141 instrumento
1474 2113 1553 2154 per
1569 2098 1694 2141 detto
1712 2095 1905 2151 collegio

272 2162 389 2203 dalla
417 2172 545 2216 parte
575 2167 752 2212 nostra,
762 2136 954 2202 ζ’51601116
984 2161 1031 2202 fu
1061 2159 1258 2202 stabilito
1288 2166 1333 2201 et
1362 2158 1598 2213 stipulato,
1633 2156 1725 2198 cosi
1755 2156 1802 2197 fu
1831 2155 1904 2210 poi

256 2221 428 2265 scritto
452 2227 497 2263 61
520 2220 811 2262 autenticato.
841 2221 979 2262 Resta
1001 2221 1085 2262 che
1108 2219 1137 2260 il
1160 2218 1315 2274 signor
1337 2218 1425 2260 Dio
1446 2216 1507 2258 mi
1530 2216 1728 2258 conceda
1750 2221 1906 2271 potere

271 2280 315 2322 di
338 2287 493 2336 potere
516 2279 725 2335 eseguire
748 2286 917 2334 quanto
941 2280 965 2321 e
988 2278 1018 2320 il
1040 2278 1131 2320 mio
1152 2277 1405 2320 desiderio
1396 2292 1441 2318 in
1465 2282 1624 2331 questa
1646 2281 1774 2318 santa
1796 2288 1905 2329 ope—

272 2355 336 2391 ra,
364 2354 492 2383 come
514 2339 556 2381 lo
580 2353 722 2395 prego
752 2338 796 2380 di
826 2353 949 2390 core,
982 2339 1077 2381 solo
1106 2352 1185 2393 per
1213 2338 1295 2379 far'
1321 2349 1565 2379 conoscere
1596 2335 1638 2377 la
1666 2340 1906 2389 prontezza

272 2399 361 2441 mia
391 2413 525 2441 uerso
554 2398 584 2440 il
613 2399 736 2441 culto
765 2397 808 2439 di
837 2397 926 2441 Dio
956 2404 1000 2440 et
1028 2398 1058 2439 1
1091 2399 1261 2440 honore
1289 2397 1406 2440 della
1437 2410 1519 2438 5113
1548 2400 1678 2436 531113
1709 2393 1905 2448 Compa-

273 2458 394 2514 gnia.
428 2459 527 2501 Con
556 2459 641 2501 che
668 2460 729 2501 mi
758 2457 1056 2500 raccomando
1089 2471 1114 2498 a
1142 2456 1215 2508 lei,
1247 2455 1485 2499 salutando
1513 2453 1543 2495 il
1575 2456 1626 2496 P.
1653 2454 1906 2495 Francesco

273 2494 441 2573 Borgia
463 2525 506 2561 et
530 2517 561 2558 il
585 2520 635 2560 P.
671 2517 948 2569 Salmerone,
977 2518 1016 2559 3
1052 2516 1172 2571 quali
1194 2517 1237 2558 13
1259 2517 1431 2558 maesta
1457 2512 1611 2556 diuina
1639 2510 1870 2555 conceda
1860 2525 1905 2552 111

272 2584 432 2632 queste
454 2583 582 2620 sante
607 2577 719 2620 feste
740 2576 851 2632 ogni
874 2582 995 2618 sorte
1017 2575 1061 2618 di
1080 2582 1911 2618 contento..

362 2638 417 2679 V.
447 2638 499 2679 P
528 2637 581 2679 R.
608 2637 666 2679 ha
694 2636 752 2678 da
781 2650 938 2691 sapere
969 2637 1054 2679 che
1081 2634 1124 2677 io
1152 2649 1245 2676 non
1272 2636 1332 2676 ho
1361 2632 1448 2675 mai
1478 2634 1652 2673 hauuto
1680 2628 1902 2686 pensiero,

272 2710 364 2738 non
387 2698 470 2738 che
493 2695 700 2751 disegno,
727 2694 772 2737 di
794 2697 950 2737 hauer’
975 2708 1061 2737 con
1083 2709 1155 2738 me
1184 2693 1215 2735 il
1244 2706 1440 2737 vescouo
1464 2692 1509 2733 d’
1533 2689 1669 2733 Aliffe
1693 2704 1771 2745 per
1792 2690 1904 2744 Spa-

273 2770 380 2811 gna,
408 2756 525 2798 onde
548 2730 621 2797 dio
616 2769 737 2797 nouo
771 2761 902 2797 torno
933 2769 959 2797 a
990 2753 1199 2810 pregarla
1230 2752 1276 2795 di
1309 2750 1525 2807 quietarsi
1547 2750 1619 2792 del
1649 2751 1701 2792 P.
1728 2746 1903 2800 Aluigi,

346 2899 355 2918 ¹
407 2896 508 2931 Vide
528 2896 648 2942 epist.
671 2895 754 2940 320,
774 2908 815 2931 n.
845 2904 900 2940 103
922 2901 961 2930 et
978 2894 1061 2939 325,
1082 2906 1124 2929 n.
1148 2894 1187 2929 3.

343 2945 356 2966 2
406 2945 464 2979 Ex
482 2945 710 2991 archetypo,
729 2943 768 2979 in
789 2943 889 2979 Cod.
916 2943 977 2989 38,
996 2941 1142 2988 duplicl
1161 2941 1232 2978 fol
1244 2951 1318 2987 ,94
1335 2941 1431 2987 (42).
