1958 3210
277 219 351 263 650
904 216 1041 251 EPIST.
1069 216 1098 250 P
1108 241 1117 251 .
1150 216 1300 252 NADAL

1011 371 1186 413 XXXII

958 457 1236 493 EXCERPTA

713 550 774 578 EX
807 548 982 578 CODICF„
1019 549 1085 578 «s.
1122 550 1158 589 J.
1196 549 1481 579 HISTORICA»

914 629 1051 671 Anno
1096 626 1206 679 1564
1258 627 1286 667 ¹.

422 715 474 750 P.
499 715 660 750 Natalis
679 717 849 752 Romam
869 728 914 752 ex
937 715 1162 750 Germania
1180 715 1322 749 redux:
1342 713 1427 759 ejus
1445 713 1576 760 officia
1595 714 1637 748 in
1657 714 1768 749 urbe.

376 805 411 835 1.
478 793 673 838 Rediens
712 797 758 837 P.
801 796 982 849 Laynez
1021 791 1245 848 generalis
1283 790 1499 834 Tridento
1532 805 1634 833 cum
1674 791 1915 834 comitibus

281 854 334 895 P.
361 853 640 907 Salmerone,
668 854 818 897 Natali
842 861 886 897 et
911 853 1126 901 Polanco,
1153 851 1361 893 absoluto
1384 850 1590 903 concilio,
1612 864 1715 892 cum
1736 850 1914 893 Patauii

279 919 325 954 et
349 911 560 954 Veneciis
579 913 704 956 festis
723 912 936 956 natalitiis
953 911 1247 954 concionatus
1265 917 1399 962 esset,
1421 909 1588 964 ibique,
1609 910 1726 953 duce
1743 918 1913 965 Vrgen-

281 980 339 1022 te,
364 973 544 1013 Patrem
564 973 872 1016 Salmeronem
890 970 1163 1025 reliquisset,
1184 983 1379 1024 cumque
1396 971 1431 1011 F
1434 968 1643 1021 errariae,
1664 969 1911 1022 Bononiae,

279 1030 509 1082 Foroliuii,
537 1032 736 1083 Laureti,
764 1030 992 1074 Camerini
1016 1037 1060 1072 et
1083 1028 1296 1072 Ameriae
1325 1035 1503 1071 nostros
1532 1027 1805 1080 visitatione,
1830 1043 1914 1084 po-

278 1091 410 1145 pulos
433 1090 526 1133 suis
549 1100 593 1133 et
616 1090 833 1133 comitum
850 1088 1146 1133 concionibus
1163 1087 1370 1139 iuuisset,
1403 1100 1451 1130 12
1471 1087 1704 1130 Februarii
1727 1089 1914 1130 Romam

281 1149 545 1204 peruenit...

369 1221 412 1261 4.
479 1208 635 1250 Eidem
667 1208 789 1251 Patri
820 1207 1060 1250 Francisco
1091 1221 1201 1249 cura
1231 1217 1253 1260 5
1285 1206 1617 1261 prouinciarum
1650 1205 1911 1260 Hispaniae;

282 1267 405 1309 Patri
429 1267 593 1319 Natali,
620 1268 864 1323 superioris
886 1266 1160 1310 Germaniae
1181 1272 1226 1308 et
1250 1265 1485 1318 Austriae3
1521 1264 1643 1308 Patri
1673 1263 1911 1318 Madridio,

281 1326 436 1369 Italiae
458 1341 510 1368 ac
533 1327 728 1380 Siciliae3
765 1326 888 1370 Patri
920 1327 1122 1369 Polanco
1151 1325 1349 1377 Galliae,
1375 1324 1598 1367 inferioris
1620 1323 1909 1376 Germaniae,

281 1386 521 1429 Brassiliae
544 1400 595 1428 ac
620 1386 788 1439 Indiae,
814 1401 840 1428 a
864 1388 999 1429 Patre
1017 1384 1218 1441 generali
1241 1383 1555 1426 committitur.

371 1456 412 1499 5.
479 1447 648 1488 Eodem
688 1453 912 1501 ternpore,
947 1444 1071 1488 Patri
1100 1443 1249 1487 Natali
1279 1441 1698 1499 superintendentia
1735 1441 1915 1497 collegii

279 1504 469 1557 romani,
497 1505 733 1558 Madridio,
760 1507 937 1557 domus3
974 1505 1192 1555 Polanco,
1226 1502 1405 1558 collegii
1435 1501 1682 1558 germanici
1711 1501 1918 1557 imposita

276 1572 363 1616 est3
391 1564 514 1607 Patri
537 1579 645 1608 vero
663 1565 922 1616 Francisco,
943 1563 1171 1614 Ameriae,
1193 1562 1389 1618 Tyburis
1407 1575 1460 1604 ac
1482 1563 1738 1605 Frascatae:
1765 1567 1810 1604 et
1829 1560 1917 1602 alia

275 1623 336 1665 ad
359 1624 519 1666 domus
542 1624 920 1679 gubernationem
944 1622 1215 1678 pertinentia
1238 1629 1344 1664 sunt
1366 1620 1632 1664 constituta.

1004 1748 1199 1790 XXXIII

820 1837 864 1872 B.
893 1836 1096 1872 PETRUS
1124 1834 1371 1871 CANISIUS

693 1922 893 1952 PATRI
944 1921 1199 1961 JAcosso
1253 1920 1503 1951 LAINEZ

724 1997 954 2053 Dilingae,
987 2007 1034 2051 15
1054 1996 1257 2054 Januarii
1292 1997 1402 2050 1564
1425 1997 1457 2038 ².

783 2081 842 2116 De
857 2081 973 2115 rebus
985 2080 1145 2127 collegii
1159 2080 1401 2126 dilingensis
1411 2107 1419 2114 .

362 2160 533 2202 Verum
556 2160 613 2202 de
635 2159 769 2201 modo
793 2158 987 2202 eundem
1011 2157 1388 2213 Christophorum
1423 2157 1680 2202 remittendi
1710 2156 1911 2199 nondum

268 2225 341 2262 est
363 2218 684 2270 deliberatum3
717 2217 874 2260 scribit
893 2218 906 2238 ⁵
937 2217 1034 2273 ipse
1062 2224 1259 2260 mentem
1287 2232 1438 2270 suam,
1465 2233 1581 2273 quae
1599 2217 1767 2259 utinam
1792 2221 1913 2259 recte

272 2279 459 2321 haberet
482 2293 573 2320 una
594 2292 699 2320 cum
721 2292 926 2332 corpore.
959 2276 1126 2320 Scribit
1154 2284 1199 2320 et
1228 2285 1374 2320 rector
1403 2285 1448 2320 et
1470 2280 1527 2320 D.
1555 2278 1720 2320 Torres
1754 2276 1811 2318 de
1837 2274 1911 2317 illo

269 2337 384 2393 ipso.
411 2338 461 2379 Id
484 2338 705 2380 affirmare
728 2351 911 2392 possum
929 2337 985 2379 de
1008 2350 1079 2378 me
1102 2350 1154 2378 ac
1171 2336 1284 2388 aliis,
1311 2350 1446 2392 saepe
1463 2336 1593 2379 nobis
1616 2350 1750 2379 curae
1773 2333 1911 2377 fuisse

272 2396 726 2448 commendationem,
753 2410 888 2451 quam
913 2396 1024 2438 Rda.
1054 2398 1105 2438 P.
1133 2397 1186 2438 T.
1214 2402 1258 2439 et
1282 2397 1418 2439 Pater
1440 2395 1725 2439 comissarius
1748 2395 1804 2437 de
1825 2395 1909 2435 hoc

273 2455 491 2512 magistro
529 2456 913 2511 interposuerunt.
956 2456 1051 2498 Nos
1079 2454 1152 2497 hic
1181 2462 1387 2510 sumptus
1416 2455 1557 2498 nihilo
1588 2454 1792 2505 facimus,
1833 2451 1920 2496 sed‘

269 2515 417 2558 vicem
439 2516 545 2557 boni
570 2514 718 2557 fratris
741 2515 962 2566 dolemus,
989 2513 1066 2568 qui
1089 2514 1177 2556 iam
1201 2521 1410 2570 coeperat
1433 2515 1478 2557 in
1507 2515 1661 2557 schola
1685 2528 1786 2557 esse
1808 2526 1900 2568 per-

273 2581 446 2630 gratus,
473 2581 518 2616 et
540 2575 597 2617 ad
619 2574 874 2617 docendum
898 2574 1084 2625 valeret,
1106 2573 1143 2615 si
1166 2573 1335 2616 firmior
1353 2581 1473 2618 esset
1488 2574 1756 2617 valetudo...
1780 2572 1908 2627 Opus

272 2641 340 2677 est
370 2633 533 2676 deinde
561 2641 736 2676 rectore
765 2647 905 2685 novo,
940 2640 985 2675 et
1021 2632 1221 2676 fortassis
1251 2633 1385 2677 etiarn
1416 2633 1620 2676 ministro
1649 2631 1757 2685 alio,
1790 2629 1906 2686 quod

273 2707 420 2747 neque
443 2693 745 2748 prudentiam,
767 2706 916 2747 neque
940 2691 1208 2748 gravitatem
1227 2699 1271 2736 et
1294 2693 1613 2736 authoritatem
1630 2691 1704 2734 hic
1728 2698 1906 2746 praese*

272 2753 386 2794 ferat
410 2754 461 2795 P.
488 2753 523 2794 F
527 2752 747 2804 ischerus,
769 2759 819 2794 ut
837 2765 1075 2795 vereamur
1097 2751 1222 2794 illurn
1245 2751 1351 2794 huic
1369 2752 1561 2805 muneri,
1582 2758 1627 2795 et
1643 2748 1904 2807 praesertim

345 2908 355 2927 ¹
407 2906 464 2940 Ex
484 2905 640 2940 Polanci
660 2905 900 2951 autographo
919 2904 1055 2951 diario,
1075 2905 1114 2939 in
1136 2904 1230 2940 Cod.
1248 2915 1307 2949 41,
1328 2905 1394 2940 fol.
1419 2914 1480 2949 141
1502 2906 1620 2950 (167).
1933 2943 1935 2947 ,

342 2956 356 2974 ”²
407 2954 464 2987 Ex
479 2954 701 2999 apographo
716 2951 866 2988 recenti
880 2963 956 2988 non
971 2958 1151 2988 accurate
1167 2958 1340 2999 exarato,
1356 2953 1395 2988 in
1414 2953 1547 3000 Epist.
1574 2953 1742 2996 Canini,
1765 2952 1796 2997 Ι,
1819 2949 1898 2986 126.
1932 2977 1935 2992 ,

408 3001 505 3045 Ms.‚
524 3002 674 3036 scribis.
