1958 3210
285 197 356 241 670
791 203 794 205 ’
914 195 1053 231 EPIST.
1082 194 1125 229 P.
1155 195 1305 230 NADAL

285 297 469 362 clesiam
489 296 744 340 redundare
762 303 912 350 queat.
936 296 1027 339 Sed
1045 309 1148 337 cum
1167 295 1346 339 uideam
1365 304 1535 352 quanto
1552 297 1654 340 usui
1671 297 1807 340 michi
1825 312 1925 343 esse

283 364 419 411 queat
443 355 489 397 in
513 356 597 397 hac
619 355 817 397 diocaesi
834 356 925 410 [sic]
953 369 1052 397 mea
1071 357 1123 397 P.
1151 356 1428 399 Balthazaris
1445 356 1688 412 presentia,
1709 371 1922 412 cuperem

284 428 574 470 magnopere,
604 421 653 456 ut
678 416 729 456 P.
757 416 813 457 V.
822 425 867 448 ae
889 429 993 457 eum
1017 413 1064 456 in
1080 414 1274 470 collegio
1294 430 1394 458 meo
1418 415 1799 471 braunspergensi
1822 431 1922 460 esse

281 480 326 517 et
349 473 616 516 commorari
640 474 841 516 iubeant.
869 474 917 515 In
942 487 1046 529 quo,
1073 487 1177 515 cum
1199 473 1286 515 iam
1309 474 1367 516 sit
1388 476 1532 517 multo
1551 474 1748 518 maxima
1764 489 1920 518 eorum

279 532 552 575 scholarium
576 547 696 587 pars,
716 533 792 587 qui
811 532 904 575 nati
922 539 1029 574 sunt
1046 531 1091 573 in
1112 532 1313 585 Polonia,
1336 534 1467 577 ualde
1490 533 1627 576 michi
1651 534 1772 576 utilis
1792 533 1919 577 uide-

280 600 405 636 retur
430 593 488 634 ob
512 592 670 645 lingue
693 606 826 634 usum
851 592 907 634 ad
930 591 1028 633 illos
1052 591 1095 632 in
1122 592 1270 634 officio
1293 592 1568 645 retinendos,
1595 600 1639 637 et
1668 594 1913 648 agendum,

280 652 353 695 uel
383 666 487 694 cum
517 665 673 693 eorum
703 650 966 706 propinquis
996 651 1069 692 uel
1098 664 1201 692 cum
1231 651 1328 706 alijs
1358 651 1600 704 nobilibus,
1633 652 1709 706 qui
1741 654 1916 695 Braun-

278 725 489 766 spergam
514 711 673 753 crebro
696 725 751 754 ex
776 710 965 753 Polonia
998 709 1201 753 ueniunt.
1227 711 1363 765 Quod
1391 711 1427 754 si
1455 711 1633 767 collegij
1665 711 1800 754 huius
1828 711 1917 756 mei

280 770 585 813 Paternitates
609 771 800 813 Vestrae
818 769 1037 812 rationem
1058 769 1314 821 habuerint,
1336 770 1471 812 michi
1490 785 1583 813 rem
1602 770 1791 814 fecerint
1818 771 1916 813 val-

278 830 334 871 de
372 836 549 885 gratam
589 837 633 873 et
671 828 830 884 officijs
867 828 975 871 meis
1008 830 1404 884 compensandam.
1437 831 1559 885 Opto
1592 829 1918 873 Paternitatem

278 890 490 932 Vestram
514 888 591 930 diu
624 889 741 932 bene
771 889 938 940 ualere,
966 888 1095 930 cuius
1118 903 1188 930 me
1219 888 1495 932 orationibus
1524 888 1766 945 diligenter
1794 903 1919 931 corn—

278 948 459 991 mendo.
499 950 664 991 Datum
705 962 760 990 ex
797 954 945 990 castro
982 962 1083 990 meo
1122 947 1414 1003 Heilspergh,
1446 947 1518 992 die
1549 962 1720 991 XXVIIII
1752 949 1919 1003 Augu-

278 1007 337 1049 sti
362 1022 409 1051 Μ.
438 1023 484 1051 D.
512 1022 620 1050 va.
649 1009 702 1049 R.
732 1009 783 1050 P.
813 1008 869 1050 V.
899 1008 1035 1050 frater
1059 1006 1104 1048 in
1126 1006 1326 1060 Christo,

695 1067 1017 1118 STAN1SLAUs,
1054 1080 1342 1110 CARDINALls
1376 1079 1681 1109 VARMIENSIS.

371 1126 617 1181 Inscripiio
640 1126 690 1168 in
714 1130 881 1181 quarta
906 1127 1110 1181 pagina:
1133 1126 1246 1168 Rdo.
1276 1124 1415 1178 Patri,
1443 1125 1624 1168 domino
1640 1124 1804 1182 Joanni
1828 1127 1921 1168 Po-

280 1185 431 1237 lanco,
459 1199 614 1228 sacrae
644 1185 899 1241 theologiae
928 1184 1117 1237 doctori,
1144 1192 1188 1228 et
1216 1185 1454 1229 Societatis
1478 1187 1587 1242 Jesu
1617 1184 1918 1241 can[cellario]

278 1243 326 1286 in
358 1244 540 1288 Christo
578 1244 709 1287 nobis
747 1245 1035 1295 honorando,
1069 1246 1253 1288 Romae.
1289 1245 1397 1286 Alia
1424 1259 1588 1286 maizu:
1616 1244 1908 1300 Helisperga.

279 1304 389 1346 Car.
416 1319 520 1346 var.
556 1316 611 1361 29
634 1304 857 1360 Augusti.
900 1304 1151 1360 Vestigium
1175 1304 1340 1360 sigilli.

1055 1447 1151 1489 LIII

825 1530 868 1564 Β.
898 1528 1101 1564 PETRUS
1129 1527 1376 1564 CANISIUS

565 1615 825 1645 SANCTO
873 1613 1259 1644 FRANCISCO
1306 1614 1384 1643 DE
1432 1613 1640 1653 BORJA

672 1683 955 1740 Moguntiae,
989 1684 1039 1726 16
1062 1682 1333 1732 Novembris
1363 1683 1471 1737 1565
1501 1683 1527 1725 ¹.

619 1765 809 1801 Natalem
840 1767 893 1801 ad
928 1765 1197 1801 Germaniam
1228 1765 1339 1800 mitti
1368 1765 1583 1800 desiderat.

374 1838 676 1889 ...Cardinali,
710 1838 849 1881 semel
878 1844 923 1880 et
952 1837 1114 1880 iterum
1146 1836 1407 1892 postulanti,
1439 1838 1557 1878 hanc
1594 1835 1778 1891 promisi
1810 1851 1920 1892 ope—

280 1913 392 1952 ram,
419 1906 467 1940 vt
491 1898 804 1941 Reverendam
830 1896 1153 1940 Paternitatem
1177 1897 1321 1938 Tuam
1346 1897 1634 1939 admonerem
1664 1896 1721 1939 de
1745 1897 1796 1938 P.
1825 1897 1920 1939 Na-

280 1958 369 2000 tale
392 1957 614 2000 mittendo
639 1957 695 1999 ad
724 1956 926 2012 proxima
955 1956 1154 2008 comitia,
1186 1955 1263 1998 vbi
1291 1970 1383 1998 non
1412 1956 1556 1998 solum
1586 1955 1659 1998 ille
1687 1954 1920 2008 cardinali,

282 2032 441 2061 verum
465 2017 600 2060 etiam
624 2016 862 2059 vniuersac
885 2015 1158 2060 Germaniae
1180 2014 1422 2070 plurimum
1450 2015 1663 2071 prodesse
1691 2028 1823 2070 posse
1853 2013 1941 2056 vi-v

279 2078 521 2121 deretur...

1055 2219 1155 2261 LIV

734 2318 1177 2355 STANISLAUS
1217 2317 1472 2355 HOSIUS

874 2396 1080 2432 cardinalis
1101 2396 1331 2431 varmiensis

760 2489 900 2518 PATRI
935 2488 1107 2528 JOANNI
1138 2489 1201 2518 DE
1232 2488 1448 2518 POLANCO

661 2564 976 2620 Heilsbergae,
1010 2575 1060 2618 17
1083 2562 1350 2608 Decembris
1380 2564 1487 2618 1565
1512 2564 1543 2609 ²..

282 2656 450 2691 Patrem
482 2655 752 2690 Hosto-vinum
779 2657 856 2700 pro
884 2654 1050 2700 collegio
1076 2653 1389 2700 Brazmsbergae
1414 2653 1489 2688 sibi
1512 2653 1672 2689 concedi
1696 2652 1930 2702 efflagitatj.

375 2734 488 2777 Rde.
517 2734 653 2775 Pater
676 2731 722 2774 in
745 2731 945 2784 Christo,
971 2731 1102 2774 nobis
1130 2730 1391 2775 charissime
1419 2738 1465 2775 et
1492 2731 1774 2784 honorande,
1804 2731 1916 2774 salu

359 2888 366 2906 ¹
422 2889 479 2922 Ex
500 2887 729 2933 archetypo,
749 2886 788 2921 in
808 2886 938 2932 Epist.
963 2886 1138 2931 canisii,
1158 2887 1188 2927 I,
1213 2886 1278 2930 158
1296 2885 1396 2930 (302,
1415 2885 1513 2929 303).
1904 2889 1905 2894 ’

359 2939 371 2956 ”-’
424 2936 481 2970 Ex
506 2935 734 2980 archetypo,
755 2933 794 2969 in
823 2933 921 2969 Cod.
956 2933 1015 2979 38,
1041 2913 1188 2980 duplici
1213 2933 1297 2978 fol.,
1329 2942 1395 2979 129
1420 2935 1509 2979 (29).
1538 2932 1638 2968 Vide
1657 2933 1773 2980 epist.
1794 2931 1863 2977 348
1887 2941 1909 2967 e

285 2982 473 3029 append„
493 2982 599 3017 XLV
620 2986 659 3016 et
677 2981 760 3019 LII.
