1958 3210
173 161 243 197 714

222 253 409 288 Tablares
430 256 468 285 et
488 251 724 295 GoncalveS,
744 249 803 294 313
823 262 845 284 a
864 261 960 285 nun-

222 312 276 346 tio
296 311 463 354 Dolfmo,
491 309 573 352 218,
603 317 685 354 219,
713 308 795 349 228;
815 310 960 344 Romae

222 372 261 406 in
285 371 391 406 curia
418 368 629 415 pontificia,
651 368 733 412 2363
762 381 782 403 a
802 368 961 404 Sanctio

220 431 270 465 de
298 429 431 472 Leiva,
459 429 543 475 5933
572 429 797 475 imperatori
823 428 962 463 Ferdi·

226 489 351 525 nando
378 490 530 529 charus,
560 497 647 533 2413
674 489 837 534 angelus
868 488 961 523 Ger-

229 549 377 583 maniae
394 553 432 582 et
445 547 595 583 Galliae
612 552 962 594 nuncupatur‚292,

227 608 311 653 365,
344 606 426 651 3803
451 612 586 653 gratus
611 607 650 641 S.
672 606 824 652 Ignatio
844 612 882 641 et
910 606 970 641 hi-

228 667 374 713 spanis,
402 666 466 710 313
497 667 686 701 militibus
706 667 859 707 charus,
881 665 962 710 5983

227 726 361 761 Lainio
387 732 426 760 et
454 726 632 770 Ρο131100,
658 725 742 769 6383
772 725 965 765 omnibus,

222 785 314 828 6213
345 784 589 819 desideratus
614 785 652 819 in
678 784 880 830 Hispania,
907 782 967 828 31,

226 843 310 888 3303
332 845 370 879 in
391 844 567 889 Bavaria,
584 843 666 889 3493
684 844 723 878 in
743 843 967 889 Germania,

232 903 310 947 130,
327 904 411 944 621,
427 903 510 947 623,
527 903 610 949 634,
627 903 709 948 6573
728 903 812 949 ejus
833 904 967 938 exhor-

229 963 397 998 tationes
423 963 644 1007 laudantur,
670 963 754 1008 621,
781 962 864 1007 624,
884 961 968 1006 625,

225 1021 311 1067 634,
345 1028 435 1066 etc.;
468 1035 488 1056 a
518 1023 560 1056 B.
589 1022 746 1057 Canisio
775 1021 969 1066 laudatus,

234 1081 314 1127 130,
333 1081 416 1127 643,
437 1081 521 1126 647,
540 1081 623 1124 652,
646 1086 720 1116 etc.

232 1152 266 1187 7.
313 1143 450 1176 Varia.
490 1142 708 1175 Messanam
751 1141 917 1176 mittitur
951 1153 971 1175 a

234 1202 274 1237 S.
294 1201 460 1246 Ignatio,
481 1200 514 1243 ὃς
537 1212 652 1246 opera
672 1201 733 1246 pia
753 1205 971 1246 promovet,

233 1261 270 1295 in
293 1259 463 1295 Africam
484 1259 638 1305 trajicit,
658 1259 901 1304 naufragium
920 1259 974 1293 fa-

234 1320 301 1365 cit,
328 1321 474 1354 Romae
505 1319 806 1354 constitutiones
831 1319 974 1353 exami-

234 1385 314 1423 nat,
340 1380 374 1422 63
397 1379 435 1413 in
455 1379 626 1413 Siciliam
642 1378 822 1413 cumillis
842 1379 975 1414 remit-

235 1439 342 1485 titur,
373 1448 408 1482 73
443 1438 611 1472 vicarius
643 1450 713 1472 seu
750 1439 976 1472 commissa-

235 1499 314 1533 rius
338 1498 534 1543 generalis
566 1497 775 1532 Societatis
803 1498 973 1532 nomina-

236 1563 311 1599 tur,
332 1569 366 1602 93
396 1557 540 1603 primae
564 1557 736 1602 generali
764 1569 973 1603 congrega-

237 1616 333 1651 tioni
353 1617 475 1662 adest,
502 1624 556 1659 123
574 1616 755 1661 Borgiam
772 1617 809 1650 in
826 1617 973 1651 Lusita-

238 1676 341 1711 niam
361 1681 562 1721 convocat,
584 1675 727 1721 gradus
753 1687 887 1710 omnes
909 1676 974 1711 So-

239 1735 392 1770 cietatis
411 1746 539 1769 coram
566 1746 659 1779 rege
692 1734 865 1778 exhibet,
889 1746 976 1769 con-

238 1794 427 1839 cionatur,
455 1794 672 1828 fructuosas
700 1795 818 1829 habet
842 1794 975 1829 adhor-

242 1854 422 1899 tationes,
460 1854 513 1896 183
548 1854 591 1888 S.
626 1853 762 1898 Jacobi
789 1856 976 1900 templum

242 1913 530 1960 Compostellae
563 1913 715 1959 invisit,
754 1922 815 1958 193
846 1915 978 1948 turbas

242 1984 263 2007 a
297 1972 493 2007 nonnullis
529 1972 719 2007 excitatas
755 1978 879 2018 pacat,
919 1982 978 2017 203

240 2032 428 2067 exercitia
454 2032 669 2078 spiritualia
701 2031 890 2078 defendit,
920 2041 978 2073 21,

242 2101 306 2136 243
344 2091 477 2125 invisit
518 2090 852 2137 archiepiscopum
895 2091 980 2125 Sili-

242 2162 354 2185 ceum
381 2159 438 2194 22,
450 2150 624 2195 reginam
639 2151 828 2196 Joannam
838 2151 981 2185 Torde-

244 2210 340 2245 sillis
365 2210 562 2251 convenit,
584 2210 764 2255 Borgiam
784 2210 831 2245 ad
861 2211 982 2245 cardi-

245 2271 415 2304 nalatum
450 2269 707 2304 recusandum
740 2269 977 2313 adhortatur,

246 2329 309 2373 26;
349 2329 556 2364 Araozium
588 2329 702 2363 officii
734 2335 884 2374 monet,
923 2339 980 2374 273

246 2389 417 2434 Loyolae
448 2393 663 2433 recreatur,
699 2388 757 2432 283
790 2394 978 2434 aegrotat,

248 2457 312 2493 293
345 2453 619 2494 tempestatem
648 2448 765 2493 subit,
788 2447 847 2492 313
881 2448 980 2483 vica-

247 2507 326 2541 rius
358 2507 534 2552 eligitur,
568 2508 830 2553 importunum
855 2519 897 2542 se
924 2508 982 2552 Ig-

247 2566 352 2600 natio
393 2565 515 2601 fuisse
550 2566 662 2611 dicit,
701 2572 901 2613 correptus
936 2568 984 2601 ab

248 2625 412 2670 Ignatio,
442 2625 591 2660 Natalis
619 2626 823 2660 consilium
855 2626 985 2671 magni

247 2685 428 2719 aestimat
459 2685 647 2729 Ignatius,
685 2683 743 2728 323
780 2684 986 2719 facultates

247 2743 399 2778 obtinet
414 2743 614 2785 Societati‚
629 2743 677 2778 de
693 2744 777 2789 ejus
793 2745 985 2790 guberna-

248 2803 353 2837 tione
374 2803 532 2849 inquirit
551 2803 741 2848 Ignatius,
763 2814 851 2837 eum
870 2803 985 2837 corri-

249 2862 317 2907 pit,
339 2868 447 2897 curat
467 2862 616 2897 Natalis
642 2868 684 2897 ut
703 2862 877 2907 Ignatius
896 2861 985 2897 scri-

249 2922 315 2955 bat
334 2927 419 2955 acta
435 2933 516 2967 sua,
535 2920 593 2963 33,
611 2920 669 2965 343
691 2921 793 2967 apud
807 2921 986 2956 nuntium

250 2980 443 3015 Dolfinum
468 2980 704 3025 diversatur,
726 2980 810 3026 ejus
837 2979 988 3015 confes-

912 149 1083 185 IND1CES

1084 250 1214 285 siones
1226 250 1344 297 audit,
1357 251 1592 286 Hundanum
1602 251 1820 297 cognoscit,

1085 310 1124 345 in
1139 311 1354 345 haereticos
1368 311 1576 356 invehitur,
1594 310 1652 355 343
1669 312 1717 346 ab
1731 312 1820 346 hae-

1085 369 1217 404 reticis
1233 375 1275 404 ut
1294 370 1444 416 papista
1469 369 1651 405 convitiis
1671 371 1819 416 expeti-

1086 433 1160 474 tur,
1189 428 1459 463 Vindobonam
1477 428 1624 474 invisit,
1653 430 1820 464 catechi—

1086 499 1211 522 smum
1221 487 1368 522 Canisii
1383 488 1576 534 emendat,
1587 487 1645 533 353
1657 500 1678 523 a
1695 489 1819 523 consi-

1087 546 1148 581 liis
1163 547 1312 590 Lainio,
1331 547 1509 592 graviora
1532 547 1690 593 negotia
1714 547 1821 582 diffe-

1087 605 1224 651 renda,
1259 605 1382 640 donec
1417 606 1582 651 eligatur
1610 606 1820 652 generalis,

1088 670 1235 708 censet,
1248 665 1524 700 commentaria
1533 665 1572 700 in
1581 666 1823 701 constitutio-

1089 736 1159 759 nes
1174 725 1433 771 prosequitur,
1455 725 1545 760 inde
1564 725 1707 760 scholia
1734 725 1823 760 edu-

1089 784 1155 829 cit,
1168 784 1454 830 superintendit
1469 785 1636 830 collegio
1651 797 1823 831 romano,

1089 843 1380 878 adhortationes
1396 843 1501 884 facit,
1518 852 1575 888 50;
1593 844 1640 878 de
1656 844 1827 880 Societa-

1091 907 1130 937 te
1149 902 1293 948 optime
1313 903 1351 937 in
1367 902 1491 937 turbis
1507 903 1652 948 primae
1668 915 1829 949 congre—

1090 962 1259 1008 gationis
1275 967 1457 1006 meretur,
1470 970 1592 1007 51-59;
1604 963 1828 998 Bobadillae

1093 1028 1133 1057 et
1151 1021 1311 1056 aliorum
1337 1021 1514 1057 defectus
1538 1027 1657 1063 notat,
1683 1034 1760 1057 non
1780 1034 1827 1057 ex

1094 1081 1383 1128 malevolentia,
1417 1082 1486 1116 sed
1511 1087 1552 1117 ut
1576 1094 1717 1117 causae
1744 1093 1827 1128 per-

1095 1139 1326 1175 turbationis
1370 1140 1507 1174 melius
1542 1140 1826 1186 intelligantur,

1095 1205 1133 1235 et
1159 1199 1366 1234 Societatis
1391 1210 1546 1233 causam
1572 1204 1739 1245 tueatur,
1768 1198 1826 1243 533

1094 1258 1395 1294 constitutiones
1437 1258 1697 1293 cardinalibus
1739 1259 1831 1292 Tra-

1095 1318 1207 1353 nensi
1226 1323 1265 1353 et
1282 1319 1482 1352 Reomano
1507 1319 1638 1363 legere
1654 1317 1828 1363 jubetur,

1095 1376 1154 1422 583
1175 1377 1212 1412 in
1232 1377 1439 1411 seditiosos
1459 1376 1667 1418 invehitur,
1698 1388 1775 1411 non
1795 1377 1829 1411 ei

1096 1438 1279 1483 probatur
1321 1436 1424 1483 quod
1460 1436 1627 1471 vicarius
1662 1448 1831 1471 canones

1095 1496 1389 1542 congregationi
1409 1496 1663 1542 praescribat,
1691 1504 1749 1543 59,
1771 1497 1830 1539 6ος

1097 1561 1182 1591 3013
1212 1556 1251 1590 in
1276 1556 1397 1602 prima
1428 1556 1744 1602 congregatione,
1773 1556 1831 1600 603

1096 1621 1260 1663 quatuor
1280 1622 1369 1650 vota
1395 1616 1482 1651 tulit
1500 1628 1567 1662 pro
1591 1617 1832 1661 generalatu,

1097 1676 1156 1720 623
1173 1675 1499 1722 superintendens
1514 1676 1669 1721 collegii
1685 1677 1833 1711 romani

1099 1740 1138 1770 et
1163 1735 1340 1770 minister
1370 1735 1506 1770 domus
1532 1735 1579 1770 ad
1604 1740 1757 1782 tempus
1776 1747 1833 1770 re-

1099 1795 1311 1838 nuntiatur,
1344 1795 1404 1840 643
1436 1807 1457 1829 a
1489 1796 1662 1830 consiliis
1698 1795 1833 1830 Lainio

1100 1855 1266 1900 assistit,
1300 1854 1473 1901 disputat
1502 1866 1589 1889 cum
1625 1855 1833 1900 theologis,

1100 1915 1310 1950 meditatur
1340 1914 1378 1949 111
1404 1915 1621 1961 evangelia,
1656 1915 1715 1958 65;
1742 1915 1834 1949 3551-

1101 1974 1241 2009 stentis
1266 1974 1392 2009 officio
1416 1973 1606 2020 fungitur,
1638 1984 1721 2019 402,
1749 1974 1834 2018 650,

1100 2033 1184 2078 6513
1205 2033 1500 2068 instructionem
1519 2033 1636 2068 tradit
1654 2033 1702 2068 de
1721 2033 1838 2068 modo

1102 2093 1267 2128 docendi
1298 2093 1547 2138 theologiam,
1573 2093 1656 2137 4463
1691 2093 1839 2138 Arago-

1102 2152 1189 2187 niae
1209 2151 1429 2186 tirocinium
1445 2151 1597 2186 institui
1612 2156 1734 2197 curat,
1751 2152 1834 2195 626,

1103 2211 1186 2255 627;
1218 2210 1374 2256 collegii
1410 2211 1558 2245 romani
1593 2211 1839 2256 superinten-

1103 2271 1213 2317 dens,
1234 2270 1317 2314 650.

1057 2329 1315 2375 Navagerius,
1351 2329 1583 2374 Bernardus,
1615 2329 1836 2375 cardinalis,

1105 2391 1258 2435 legatus
1278 2388 1315 2423 in
1346 2389 1524 2433 concilio,
1560 2398 1616 2435 1X,
1649 2388 1732 2435 238,
1752 2398 1837 2435 245,

1107 2449 1193 2494 284.

1059 2508 1244 2549 Navarro,
1266 2508 1312 2543 P.
1338 2508 1491 2548 Petrus,
1512 2507 1552 2542 S.
1573 2508 1634 2554 J.,
1660 2519 1838 2551 examen,

1108 2566 1193 2610 578-

1060 2625 1262 2669 -Petrus,
1285 2625 1327 2660 S.
1350 2626 1411 2670 J.,
1431 2625 1646 2671 coadjutor,
1671 2625 1751 2670 158.

1059 2685 1181 2719 —Dr.
1206 2683 1409 2729 Martinus,
1425 2696 1466 2719 v.
1493 2684 1741 2730 Azpilcueta.

1061 2742 1247 2790 Neapolis
1267 2743 1450 2789 (Napoli),
1470 2743 1692 2789 collegium,
1707 2743 1742 2784 6,
1761 2743 1843 2788 260,

1108 2802 1190 2848 443;
1207 2803 1412 2838 cardinalis
1432 2809 1470 2838 et
1490 2804 1680 2848 Societas,
1699 2802 1760 2847 63,
1782 2803 1841 2847 643

1108 2861 1356 2908 provincialis
1376 2862 1593 2909 Salmeron,
1613 2863 1671 2898 63:
1693 2875 1736 2900 v,
1757 2872 1840 2908 251,

1109 2921 1196 2956 268.

1063 2980 1313 3026 Negalienos,
1334 2981 1516 3025 Thomas,
1538 2981 1582 3016 S.
1608 2983 1668 3027 J.,
1689 2980 1774 3025 588.
