1958 3210
518 169 704 206 SECUNm
729 177 953 205 VOLUMIle
980 177 1216 205 CONCLUSIO
1612 167 1685 212 679

55 271 194 315 fuisse
216 285 348 314 suum
372 270 659 324 desiderium,
687 271 808 326 quod
831 271 886 313 ad
909 270 1102 325 priorem
1129 277 1300 326 partem
1330 269 1566 322 attinebat,
1592 269 1680 311 sci—

55 355 174 407 licet,
202 362 250 397 111
272 354 511 410 episcopus
533 353 779 410 petinensis
802 369 827 396 a
849 367 1031 397 caesare
1060 353 1115 395 ad
1143 359 1420 397 conventum
1444 352 1681 407 theologo-

58 452 156 481 rum
180 436 521 490 adscisceretur3
543 438 750 491 ideoque,
772 437 828 478 ad
846 436 1012 479 calcem
1032 435 1246 491 epistolae
1272 442 1360 477 tam
1378 436 1543 477 laetum
1563 449 1683 476 nun-

59 519 169 561 tium
192 519 407 571 scribens,
433 520 543 562 haec
566 520 623 563 de
651 520 789 563 altera
817 532 871 562 re
887 518 970 560 sibi
994 518 1127 561 etiam
1159 516 1435 573 optatissima
1458 516 1684 571 adjunge—

57 602 149 645 bat:
174 603 339 645 «Come
356 603 539 656 dunque
557 602 599 644 io
616 604 675 643 m’
696 603 850 658 alegro
867 601 911 643 di
928 601 998 644 cio
1017 615 1103 644 con
1122 602 1162 643 le
1179 601 1261 645 SS.
1284 602 1384 644 VV.
1406 600 1471 642 Ill.
1487 606 1537 626 me
1555 632 1563 651 ,
1589 599 1682 641 cosi

55 686 97 729 le
119 686 291 742 suplico
314 687 370 728 da
393 700 513 728 nouo
536 687 635 737 che,
661 685 873 728 accioche
896 685 1036 727 siamo
1058 684 1104 727 in
1127 685 1275 728 sicuro
1293 684 1337 725 di
1355 690 1482 739 poter
1499 683 1682 726 11111613-

56 775 205 812 11161116
227 768 461 824 alegrarci,
487 769 547 810 mi
570 769 745 811 faccino
770 768 896 812 uenir
924 768 1000 823 qui
1029 768 1059 810 il
1089 775 1213 810 tanto
1241 769 1297 810 da
1327 781 1398 810 me
1427 766 1683 809 desiderato

58 852 202 895 Padre
224 852 399 906 Natale,
426 853 590 907 perche
613 866 698 894 6011
722 858 788 895 116
812 851 906 894 11011
936 853 1040 893 ch’o
1070 850 1284 906 dissegno
1312 852 1480 893 hauere
1509 848 1682 890 unifor-

56 942 279 978 memente
301 934 653 988 catholicissimi,
679 949 769 977 non
791 935 887 977 solo
909 935 1143 991 preualero
1166 934 1274 989 ogni
1297 947 1483 977 erronea
1506 931 1683 988 opinio-

56 1032 128 1069 ne,
154 1018 270 1060 nella
293 1019 423 1072 quale
445 1018 761 1062 accordassero
783 1019 845 1074 gl’
867 1018 967 1061 altri
988 1018 1078 1070 doi,
1104 1033 1176 1060 ma
1197 1032 1247 1060 so
1269 1024 1393 1059 certo
1412 1016 1513 1058 chel
1531 1015 1685 1059 Seldio

57 1104 276 1144 conuerra
299 1101 482 1145 referire
505 1116 530 1143 a
552 1102 645 1145 Sua
668 1101 861 1145 Cesarea
892 1103 1065 1144 Maesta
1093 1102 1178 1144 che
1206 1100 1250 1142 in
1275 1114 1378 1142 cose
1408 1097 1682 1153 theologice,

54 1183 85 1225 li
107 1184 251 1239 pareri
269 1185 341 1228 del
359 1184 563 1240 Staphilo
581 1199 671 1226 non
689 1198 801 1227 sono
818 1199 1009 1240 sempre,
1031 1184 1223 1239 sempre,
1244 1182 1475 1227 securi...»
1498 1182 1555 1223 Et
1571 1182 1684 1223 haec

55 1264 234 1320 quidem
253 1266 419 1322 scripta
430 1266 616 1310 fuerunt
635 1265 706 1310 die
720 1265 958 1308 undecima
969 1265 1216 1309 Februarii.
1240 1264 1392 1308 Tertio
1415 1271 1565 1306 autem
1583 1269 1684 1318 post

54 1350 164 1392 11366
186 1348 274 1401 (116,
299 1349 471 1393 56111661
492 1349 665 1392 (16611113
689 1356 847 1404 quarta
865 1349 1066 1404 ejusdem
1091 1347 1272 1400 mensis,
1299 1347 1504 1404 gaudens
1526 1345 1683 1389 iisdem

15 1468 18 1472 .
52 1431 333 1487 praesidibus
354 1432 531 1475 concilii
553 1433 797 1475 adventum
820 1431 988 1474 laudati
1014 1432 1160 1474 Patris
1182 1431 1305 1474 hisce
1327 1429 1477 1473 verbis
1500 1428 1686 1471 nuntia-

53 1514 145 1557 bat:
165 1517 380 1558 «essendo
399 1515 475 1571 qui
492 1530 725 1571 comparso
743 1515 846 1570 quel
867 1516 1011 1558 Padre
1029 1515 1189 1558 Natale
1201 1514 1369 1569 jesuita
1385 1513 1443 1555 da
1464 1527 1536 1556 me
1558 1519 1685 1554 tanto

56 1598 322 1653 desiderato,
347 1599 581 1643 attendero
603 1613 689 1642 con
711 1605 836 1642 tanto
857 1598 935 1654 piu
958 1598 1106 1641 animo
1128 1613 1153 1641 a
1171 1611 1385 1653 procurar
1402 1602 1518 1638 tutto
1536 1596 1687 1651 quello

56 1682 140 1725 che
161 1683 261 1724 sara
282 1680 518 1737 possibile»
546 1680 678 1738 (219).

143 1760 316 1807 Natalis
333 1770 501 1816 autem,
524 1762 828 1819 Oenipontem
852 1762 1115 1815 adveniens,
1136 1761 1405 1819 gravissima
1426 1759 1512 1803 sibi
1540 1774 1684 1816 nego—

54 1847 115 1890 tia
136 1845 374 1889 commissa
396 1845 774 1899 animadvertens,
795 1845 942 1889 noluit
964 1859 1012 1889 se
1034 1846 1180 1888 solum
1203 1843 1250 1886 in
1273 1850 1363 1886 tam
1386 1842 1683 1899 procellosum

52 1943 174 1973 mare
195 1928 490 1972 committere.
518 1929 593 1972 Ad
621 1943 754 1972 suum
784 1928 1090 1985 praepositum
1120 1926 1345 1979 Lainium‚
1373 1924 1615 1969 tridentino
1637 1924 1683 1967 in

52 2011 242 2056 concilio
274 2011 606 2067 quantumlibet
642 2011 796 2055 arduis
824 2011 1198 2069 occupationibus
1227 2009 1496 2061 distentum,
1529 2008 1686 2050 oculos

51 2094 201 2138 statim
224 2094 463 2147 convertit,
488 2094 675 2137 ductum
697 2095 812 2150 ejus,
838 2094 1044 2147 consilia,
1077 2107 1233 2149 preces
1262 2092 1399 2135 totius
1427 2089 1681 2142 Societatis,

52 2177 138 2221 sibi
159 2177 411 2222 necessaria
433 2177 715 2234 intelligens,
747 2193 800 2222 ea
828 2177 977 2221 omnia
1009 2177 1141 2221 enixe
1163 2175 1396 2231 efflagitat,
1432 2181 1482 2216 ut
1504 2188 1559 2216 ex
1594 2176 1684 2216 Po—

53 2260 171 2304 lanci
194 2260 435 2316 responsis,
461 2260 546 2316 ipsi
569 2275 624 2303 ex
652 2260 965 2305 commissione
989 2259 1136 2303 Patris
1158 2258 1325 2302 Lainez
1347 2256 1478 2309 datis,
1513 2255 1687 2300 eruitur

57 2346 174 2401 (213,
207 2356 307 2398 214,
335 2344 450 2401 215).
488 2345 605 2388 Cum
634 2351 785 2387 autem
815 2343 859 2386 in
890 2342 1089 2386 articulis
1118 2357 1144 2385 a
1172 2340 1396 2396 theologis
1421 2339 1683 2383 examinan-

55 2427 124 2470 dis
147 2427 432 2482 quaestiones
454 2427 747 2484 gravissimae
769 2428 826 2471 de
848 2425 1055 2478 concilio,
1080 2426 1135 2467 de
1164 2430 1389 2480 potestate
1410 2423 1681 2478 legatorum,

53 2510 110 2554 de
131 2509 304 2554 ratione
326 2509 597 2554 reformandi
620 2509 880 2565 pontificem
904 2510 1092 2565 ejusque
1114 2507 1301 2558 curiam,
1322 2507 1379 2550 de
1401 2504 1683 2548 communio-

49 2607 107 2636 ne
129 2593 214 2635 sub
238 2599 429 2647 utraque
450 2592 615 2648 specie,
641 2593 698 2636 de
720 2592 936 2648 conjugio
960 2591 1241 2642 clericorum,
1268 2597 1375 2643 etc.,
1395 2588 1685 2632 contineren-

48 2681 137 2729 tur,
164 2689 253 2730 quo
275 2675 529 2718 accuratius
551 2682 597 2718 et
619 2676 675 2718 ad
692 2682 889 2719 mentem
909 2675 978 2718 sui
996 2673 1240 2731 praepositi
1263 2687 1391 2716 suam
1414 2671 1682 2715 sententiam

48 2768 298 2814 proponere
325 2765 499 2814 posset,
531 2758 698 2815 scripta
728 2757 876 2801 Patris
904 2757 1070 2801 Lainez
1103 2757 1158 2800 de
1189 2757 1313 2799 hisce
1341 2754 1686 2810 quaestionibus

50 2840 135 2884 sibi
157 2840 272 2883 mitti
289 2841 535 2896 postulavit
553 2841 686 2898 (214).
708 2840 877 2885 Canisii
893 2855 1074 2897 operam
1097 2839 1143 2882 in
1166 2838 1319 2895 primis
1336 2838 1491 2882 utilem
1510 2845 1680 2888 censet,

47 2923 268 2978 illumque
293 2924 550 2980 Oeniponte
577 2907 759 2968 manere
786 2930 929 2977 curat,
955 2924 1099 2967 donec
1122 2930 1211 2966 tam
1243 2921 1398 2978 gravia
1420 2920 1604 2977 negotia
1627 2921 1685 2963 ad
