1958 3210
262 182 308 226 76
828 177 870 211 P.
899 176 1087 210 NATALIS
1114 176 1333 210 EPHEMER.

262 297 396 337 quam
419 281 604 322 dederat
627 279 683 321 ad
706 292 777 320 me
799 277 969 329 literas,
995 284 1092 320 erat
1114 276 1199 320 iter
1222 291 1486 332 aggressus.
1519 278 1710 319 Eramus
1738 291 1897 321 omnes

261 361 552 401 vehementer
590 355 766 397 soliciti.
810 355 1068 397 Orabamus
1099 360 1147 395 vt
1180 354 1297 396 bene
1324 354 1506 398 cederet
1527 353 1603 396 illa
1630 353 1781 396 subita
1801 353 1894 397 dis-

261 434 405 478 cessio
433 435 460 475 ¹.
474 450 490 472 »

350 509 542 553 Absolui
580 508 883 552 visitationem
917 523 1085 564 magna
1113 523 1216 550 cum
1246 507 1499 550 animorum
1527 507 1821 551 renouatione
1850 516 1895 551 et

262 590 428 639 fructu,
454 588 542 629 X.0
569 585 759 642 gratiae.
787 584 1016 640 Respondi
1039 584 1248 627 omnibus
1276 584 1617 627 difficultatibus.
1650 585 1895 627 Habebant

259 666 305 707 in
328 664 521 707 maximo
544 662 739 718 collegio
763 663 1005 705 admodum
1029 676 1235 717 paruum,
1268 661 1619 713 incommodum,
1651 668 1696 704 et
1724 661 1895 703 humile

258 743 489 785 sacellum.
531 740 636 783 Dixi
664 747 712 782 vt
744 740 850 782 147
881 738 1211 794 coniungerent
1249 737 1381 780 nouis
1420 737 1644 781 cubiculis
1681 739 1695 758 ⁴³
1737 737 1895 782 aedifi-

258 819 377 862 cium
400 819 456 861 ad
479 817 697 861 rationem
722 816 891 872 templi,
917 823 963 858 et
986 815 1048 858 ita
1070 816 1476 867 accommodatum,
1503 816 1648 859 donec
1677 829 1895 871 magnum
1927 870 1933 877 ’

260 896 370 938 illud
394 896 610 950 templum
635 893 874 937 aedificare
896 892 1086 949 possint3
1113 894 1234 947 quod
1256 892 1491 944 successit,
1518 900 1604 936 etc.

351 972 456 1015 Dixi
479 972 586 1016 item
608 978 657 1013 vt
680 977 998 1026 separarentur
1021 985 1046 1012 a
1063 970 1256 1026 collegio
1279 969 1429 1012 omnia
1446 976 1735 1013 externorum
1753 969 1898 1012 serui—

262 1050 338 1102 tia,
365 1057 515 1105 empta
537 1048 752 1104 contigua
776 1049 925 1099 domo,
952 1048 1009 1090 ad
1031 1047 1270 1103 pistrinum
1293 1054 1338 1090 et
1361 1047 1604 1089 clibanum.
1635 1046 1727 1089 Illis
1753 1046 1897 1090 seruis

261 1134 305 1171 et
343 1125 634 1181 mercenarijs
673 1127 687 1146 ³
719 1132 765 1167 vt
801 1139 919 1167 Vnus
949 1132 1027 1167 aut
1057 1125 1169 1168 alter
1199 1139 1223 1167 e
1254 1124 1468 1167 fratribus
1505 1130 1749 1180 praeesset.
1787 1122 1892 1166 Fuit

260 1203 382 1259 vtiljs
405 1202 597 1259 collegio
621 1204 732 1245 haec
755 1201 992 1257 separatio.
1018 1203 1166 1244 Datus
1187 1209 1256 1245 est
1284 1201 1357 1244 hic
1386 1202 1622 1257 catalogus
1649 1199 1896 1243 mortifica-

260 1281 449 1333 tionum,
481 1280 486 1338 Ι
515 1281 635 1335 quod
654 1279 1020 1335 intellexipostea
1036 1278 1243 1322 attulisse
1259 1279 1536 1335 singularem
1547 1277 1787 1321 Vtilitatem
1806 1277 1894 1320 fra—

263 1357 407 1400 tribus
429 1364 474 1400 et
498 1356 749 1399 animorum
773 1356 1093 1400 excitationem
1118 1357 1174 1398 ad
1197 1355 1411 1411 pietatem
1435 1356 1468 1398 ⁴.
1646 1358 1650 1363 '

351 1434 603 1490 Scripserat
626 1435 683 1476 ad
706 1449 778 1477 me
802 1436 854 1476 Ρ.
882 1432 1123 1489 generalis,
1148 1440 1198 1475 vt
1219 1432 1443 1475 mitterem
1475 1432 1665 1487 aliquos,
1697 1431 1774 1487 qui
1802 1432 1896 1473 col—
1936 1434 1938 1436 ’

261 1511 384 1567 legio
407 1526 592 1554 romano
615 1518 800 1566 possent
822 1525 922 1554 esse
944 1509 1091 1552 Vtiles.
1125 1511 1192 1552 Ex
1223 1509 1504 1566 Portugallia
1531 1508 1632 1552 misi
1661 1507 1897 1564 Perpinia—

263 1603 389 1640 num,
417 1602 551 1643 quem
574 1588 846 1630 videbantur
876 1601 967 1629 non
997 1601 1134 1643 aegre
1161 1586 1402 1630 dimittere.
1436 1585 1607 1642 Scripsi
1635 1585 1895 1638 Castellam,

262 1665 564 1708 vt·mitterent
585 1680 688 1708 cum
712 1664 788 1707 illo
818 1664 1082 1717 Marianam,
1116 1665 1350 1717 Acostam,
1383 1665 1539 1716 Paem,
1570 1662 1818 1715 Ramirum3
1851 1668 1897 1704 et

260 1742 451 1798 profecti
490 1750 613 1794 sunt,
655 1743 780 1783 nullo
816 1740 1142 1791 intercedente,
1184 1740 1359 1785 etiamsi
1397 1740 1701 1784 intelleximus
1737 1745 1893 1794 postea

260 1819 400 1862 fuisse
423 1820 479 1861 ab
502 1818 747 1874 hispalensi
777 1817 987 1876 [missos],
1021 1818 1097 1873 qui
1136 1818 1313 1860 illorum
1351 1818 1466 1861 ¹48
1493 1817 1579 1861 iter
1606 1816 1889 1872 impedirent:

259 1896 432 1952 egressi
456 1896 543 1939 iam
569 1897 747 1939 fuerant
771 1895 1018 1951 Hispaniae
1042 1896 1156 1939 fines
1180 1897 1211 1938 ⁵.

348 1973 453 2017 Vidi
476 1973 779 2029 praemiorum
798 1973 1169 2016 scholasticorum
1188 1973 1526 2017 exhibitionem.
1548 1972 1653 2016 Vidi
1670 1972 1778 2016 item
1795 1970 1893 2014 eni-

259 2057 463 2107 gmatum
487 2049 853 2106 propositionem.
880 2050 1183 2105 Disputarunt
1212 2051 1476 2107 philosophi.
1510 2049 1676 2094 Omnia
1702 2048 1898 2092 libenter

258 2127 351 2170 vidi
373 2134 418 2170 et
441 2127 646 2183 probaui.
674 2126 778 2170 Dixi
802 2134 850 2169 vt
870 2129 1033 2170 Petrus
1051 2129 1086 2170 F
1089 2142 1254 2171 onseca
1271 2126 1618 2171 commentarios
1635 2124 1894 2169 conscribe—

259 2211 327 2248 ret
364 2205 378 2227 ⁶
409 2203 456 2245 in
484 2203 828 2259 philosophiam.
869 2203 1060 2259 Scripsit
1090 2212 1135 2247 et
1164 2204 1304 2248 edidit
1341 2203 1651 2247 institutiones
1688 2201 1893 2246 dialecti—

259 2296 350 2324 cas:
378 2280 532 2325 nescio
555 2295 613 2323 an
633 2280 823 2324 vlterius
845 2280 902 2323 sit
923 2295 1207 2337 progressus.

347 2357 625 2402 Renuntiaui
643 2357 1054 2413 rectoremcollegij
1066 2357 1288 2400 inferioris
1315 2358 1321 2415 Ι
1352 2357 1709 2400 REmanuelem
1728 2353 1891 2398 Rodri—

258 2449 375 2491 gues
399 2437 429 2488 ⁷,
457 2434 635 2477 tametsi
663 2434 760 2490 ipse
788 2448 844 2477 ex
873 2433 1126 2478 humilitate
1156 2442 1401 2487 recusaret,
1433 2442 1479 2478 et
1507 2449 1556 2478 se
1585 2433 1755 2476 diceret
1792 2431 1892 2473 ido-

333 2575 341 2592 ¹
395 2572 653 2617 SACCHINUS,
674 2573 748 2606 loc.
770 2571 855 2616 cit.‚
876 2583 913 2606 n.
935 2580 993 2606 22.

328 2633 342 2651 ‘²
395 2630 483 2674 Ms.‚
505 2631 690 2665 cubiculi.
718 2631 776 2664 Ita
801 2630 1088 2665 emendandum
1114 2632 1186 2666 hoc
1212 2633 1375 2667 verbum
1406 2638 1516 2679 patet
1540 2644 1589 2667 ex
1615 2631 1677 2675 iis,
1707 2640 1807 2676 quae
1833 2627 1888 2662 fu-

259 2689 340 2724 sius
358 2689 406 2723 de
426 2689 563 2723 eodem
583 2689 743 2735 negotio
762 2689 920 2735 scripsit
939 2690 1060 2725 Nada]
1081 2691 1120 2725 in
1139 2691 1253 2737 epist.
1279 2691 1359 2737 137,
1379 2704 1420 2727 n.
1449 2701 1508 2727 10.

330 2749 343 2768 ⁵
394 2748 483 2786 Ms..
503 2750 814 2784 mercennariis.

331 2809 345 2827 ‘⁵
373 2847 375 2849 ,
396 2806 655 2851 SACCH1NUS‚
676 2809 752 2842 loc.
777 2808 861 2851 cit„
881 2820 919 2842 n.
941 2817 998 2842 20.

331 2867 344 2886 ⁵
395 2866 653 2910 SAccH1NUS‚
672 2868 746 2902 loc.
763 2867 847 2913 cit.,
866 2879 903 2902 n.
926 2866 983 2901 23.

331 2928 344 2946 ὓ
395 2926 492 2970 Ms.,
512 2926 809 2961 conscriberem.

332 2987 343 3004 -.
396 2984 485 3029 Ms.,
512 2984 728 3031 Rodriges.
