1958 3210
256 182 277 215 4
820 169 863 204 Ρ.
893 169 1078 203 NATALls
1102 167 1321 202 EPHEMER.

256 272 417 315 missus
439 272 554 314 inter
577 284 840 314 sarracenos
873 270 881 291 ¹
912 271 1102 313 Ioannes
1132 268 1329 321 Nunius,
1356 270 1412 312 ad
1434 269 1659 313 iuuandos
1682 270 1887 327 captiuos
1952 314 1953 336 ζ

256 347 538 399 christianos,
575 361 791 402 magnum
821 347 958 390 habet
991 347 1205 388 fructum.
1249 345 1375 389 Missi
1413 346 1553 389 nostri
1591 348 1804 404 Congum
1841 347 1887 390 in
1953 371 1955 397 ᾗ

256 424 471 467 Africam.
499 423 625 466 Missi
648 422 898 465 Brasiliam.

995 546 1136 592 [15]49

343 654 509 698 Missus
531 661 601 699 est
624 656 685 698 M.
713 654 930 698 Nicolaus
952 654 1155 698 Lanoius
1180 657 1454 698 Panormum
1483 671 1586 700 curn
1611 657 1782 712 aliquot
1804 672 1889 700 no-

256 731 359 774 stris
381 732 438 774 ad
460 731 702 788 collegium
732 729 1064 789 fun[dandum].
1095 731 1102 790 1
1130 733 1425 789 Aperuerunt
1446 734 1626 777 scholas
1647 733 1889 777 humanio—

257 823 357 851 rum
383 808 634 853 litterarum
663 823 715 852 ac
744 808 1076 865 grammatices.
1111 811 1348 854 Messanae
1383 816 1661 853 transactum
1691 817 1759 854 est
1786 825 1890 854 cum

257 885 442 929 ciuitate
459 893 509 928 vt
529 893 686 929 nostro
709 885 902 942 collegio
924 886 1283 943 coniungeretur
1300 887 1571 931 vniuersitas
1588 887 1723 943 studij
1748 902 1890 944 gene-

258 962 362 1005 ralis
384 963 629 1018 apostolica
645 962 930 1017 auctoritate,
950 965 1072 1018 quod
1089 964 1313 1007 concessit
1332 965 1503 1007 Paulus
1527 976 1637 1019 3‚us,
1658 964 1793 1008 bullis
1809 965 1885 1008 da-

260 1039 331 1082 tis.
360 1039 509 1083 Prima
530 1041 691 1083 domus
712 1039 994 1096 probationis
1018 1042 1270 1084 Messanae.
1298 1041 1424 1085 Missi
1453 1041 1596 1084 nostri
1623 1041 1668 1084 in
1697 1041 1891 1084 insulam

261 1116 521 1160 Ormuziam
540 1116 586 1159 in
607 1117 710 1160 sinu
730 1117 912 1160 Persico
930 1117 1076 1161 sitam.
1101 1120 1153 1161 P.
1180 1118 1410 1162 Antonius
1432 1118 1688 1162 Criminalis
1706 1133 1786 1174 pro
1802 1118 1892 1161 fide

259 1193 528 1236 interficitur
550 1195 606 1237 ab
633 1193 891 1237 infidelibus
919 1194 966 1237 in
988 1195 1128 1238 India.
1171 1195 1397 1239 Omnibus
1424 1195 1494 1239 his
1522 1203 1567 1239 et
1595 1195 1893 1252 sequentibus

260 1270 390 1313 annis
418 1270 464 1313 in
495 1271 620 1314 India
655 1286 849 1328 magnus
876 1272 928 1314 fit
966 1273 1155 1316 fructus.
1199 1272 1342 1329 Signa
1377 1273 1512 1316 etiam
1542 1287 1621 1329 per
1658 1271 1890 1325 sanitates,

260 1347 507 1390 destructio
525 1347 762 1391 idolorum.
785 1348 1087 1405 Accipiuntur
1102 1349 1161 1392 ad
1177 1349 1449 1395 Societatem
1467 1349 1614 1404 multi,
1635 1356 1680 1394 et
1698 1349 1895 1407 fundan—

262 1430 335 1467 tur
351 1424 558 1481 collegia,
579 1431 696 1469 etex
714 1425 907 1482 collegio
926 1426 1271 1470 conimbricensi
1284 1426 1477 1483 singulis
1491 1426 1622 1470 annis
1634 1426 1891 1471 mittuntur.

263 1500 335 1543 27
360 1503 411 1543 P.
438 1503 618 1557 Laynez
640 1502 805 1546 missus
826 1510 896 1546 est
918 1503 964 1546 in
986 1503 1185 1548 Siciliam
1208 1518 1234 1546 a
1255 1503 1472 1547 cardinali
1493 1505 1528 1547 F
1531 1503 1724 1547 arnesio.
1752 1502 1898 1548 Simul

264 1576 348 1619 fuit
368 1577 539 1634 primus
560 1579 850 1635 prouincialis
871 1581 1154 1637 praepositus
1172 1580 1218 1623 in
1235 1580 1404 1637 Sicilia.
1426 1580 1684 1637 Collegium
1701 1579 1897 1636 tyburti-

263 1669 371 1697 num
394 1655 670 1700 inchoatum.
698 1657 865 1701 Missus
887 1665 957 1702 est
985 1660 1176 1702 Romam
1206 1675 1231 1703 e
1259 1658 1413 1703 Sicilia
1445 1660 1497 1702 P.
1533 1657 1754 1702 Canisius.
1788 1658 1897 1700 Inde

265 1733 516 1776 Bononiam
534 1734 590 1777 ad
606 1734 864 1778 concilium.
887 1738 1052 1779 Postea
1069 1736 1115 1778 in
1132 1735 1440 1780 Germaniam.
1470 1734 1702 1779 Bononiae
1719 1733 1895 1778 habita—

264 1816 365 1852 rant
381 1810 562 1866 quidem
579 1812 736 1865 nostri,
757 1813 839 1858 sed
854 1814 940 1856 hoc
957 1828 1075 1856 anno
1092 1814 1254 1856 domus
1270 1819 1339 1857 est
1361 1813 1528 1856 donata
1545 1811 1779 1867 Societatj.
1803 1812 1891 1855 Lu-

266 1886 402 1932 tetiae
423 1887 529 1932 item
552 1889 693 1932 nostri
710 1889 798 1933 iam
816 1889 920 1934 inde
938 1897 1044 1935 ante
1060 1890 1448 1933 confirmationem
1465 1889 1721 1933 habitarant
1738 1887 1894 1932 nostri.

267 1965 368 2007 Hoc
390 1966 462 2009 vel
483 1966 704 2022 superiori
733 1982 854 2010 anno
877 1967 1139 2011 inchoatum
1168 1975 1238 2011 est
1265 1967 1509 2024 collegium
1531 1981 1611 2023 per
1636 1965 1899 2022 episcopum

267 2041 669 2096 claromontanum,
695 2045 800 2087 data
821 2045 999 2098 domus,
1021 2051 1106 2089 etc.
1130 2046 1396 2088 Inchoatum
1419 2043 1662 2100 collegium
1684 2049 1900 2087 venetum

266 2132 346 2173 per
367 2119 635 2176 magistrum
657 2122 692 2164 F
696 2121 884 2165 rusium.

1014 2248 1156 2295 [15]50

357 2353 682 2398 Conuocantur
703 2370 729 2398 a
752 2357 887 2399 Patre
910 2340 1086 2412 ignatio
1107 2355 1314 2412 professi,
1341 2354 1418 2410 qui
1440 2354 1674 2398 commode
1691 2362 1902 2411 poterant

270 2428 439 2482 venire,
470 2429 477 2487 Ι
504 2430 642 2488 aliqui
657 2439 891 2488 praeterea
909 2435 1082 2485 Patres,
1101 2431 1229 2488 quasi
1244 2431 1291 2474 in
1305 2432 1562 2488 generalem
1577 2430 1901 2488 congregatio—

271 2520 390 2560 nem,
416 2514 464 2549 vt
486 2510 744 2553 ostenderet
766 2509 1130 2562 constitutiones,
1155 2523 1207 2553 ac
1229 2515 1444 2553 notarent
1466 2507 1504 2551 si
1526 2507 1635 2563 quid
1651 2507 1898 2552 videretur.

273 2583 374 2625 Hoc
403 2584 617 2627 fecerunt.
650 2586 800 2630 Cessit
838 2589 889 2630 P.
929 2586 1132 2643 Ignatius
1168 2585 1317 2629 officio
1354 2599 1454 2638 suo,
1494 2584 1611 2629 datis
1652 2584 1794 2628 literis
1821 2599 1905 2628 sua

273 2673 408 2702 manu
425 2661 603 2717 scriptis
619 2664 675 2706 ad
695 2666 853 2708 Patres
871 2670 1147 2720 praesentes.
1169 2665 1529 2707 Intercesserunt
1540 2661 1905 2712 constantissime

271 2750 445 2790 omnes,
478 2746 654 2793 praeter
680 2743 859 2784 Patrem
889 2742 1121 2785 Andream
1151 2739 1475 2793 Ouedienscm,
1502 2739 1579 2794 qui
1601 2753 1768 2796 magna
1795 2737 1905 2781 sim—

275 2812 473 2868 plicitate
494 2815 629 2859 animi
651 2817 764 2860 dixit
786 2818 872 2861 sibi
899 2817 1042 2861 videri
1070 2824 1225 2874 aptum
1247 2831 1337 2860 non
1360 2831 1460 2861 esse
1482 2817 1538 2860 ad
1567 2830 1733 2859 munus
1761 2829 1903 2872 gene-

346 2981 358 3001 ¹
410 2982 497 3026 Ms.,
516 2985 661 3019 missus
678 2986 785 3021 inter
802 2998 1038 3022 sarracenos
1056 2987 1212 3021 missus.
