1958 3210
640 131 680 165 18
707 130 970 166 SEPTEMBms
1004 131 1092 176 1563
1606 131 1675 177 385

44 233 200 289 capaci
223 232 251 273 li
275 231 483 284 auditori,
509 239 554 275 et
576 232 617 273 al
640 232 716 287 piu
739 226 982 287 bisognera
1010 233 1222 275 mandare
1251 247 1311 274 un
1341 233 1453 275 altro
1480 239 1675 276 maestro

43 311 190 354 anche
211 310 268 351 de
290 307 536 359 humanita,
562 323 588 351 o
610 322 689 363 per
710 309 752 350 la
776 307 916 363 prima
938 310 1080 351 classe
1102 310 1158 352 de
1181 309 1489 365 grammatica,
1511 310 1676 365 perche

48 388 93 431 in
123 393 238 428 tutte
267 386 308 428 le
336 384 466 427 classi
495 384 693 427 inferiori
725 384 762 426 si
790 384 1078 428 riteneranno
1116 386 1146 427 li
1183 386 1365 428 maestri
1393 387 1478 429 che
1511 385 1556 428 ui
1592 400 1675 428 son

43 463 167 514 stati,
187 461 332 504 insino
351 476 376 504 a
394 468 518 503 tanto
540 463 624 504 che
646 461 823 516 piacera
841 462 926 503 alla
949 462 1247 518 Compagnia3
1273 462 1317 504 di
1336 464 1469 505 modo
1486 465 1571 505 che
1588 477 1674 506 con

47 553 74 593 4
96 554 122 582 ο
147 550 169 593 5
195 538 374 581 maestri
397 537 433 580 si
462 539 712 593 prouedera
744 552 823 593 per
851 545 1011 592 questa
1043 538 1280 582 inuernata
1309 539 1382 582 alli
1411 539 1590 595 bisogni
1619 540 1676 583 de

8 664 19 676 ,
45 615 244 671 Dilinga‚
270 622 314 657 et
337 616 479 657 anche
503 629 595 657 uno
618 614 662 656 di
685 615 782 656 loro
805 616 935 669 potra
957 629 1106 658 essere
1129 622 1295 659 rettore
1317 616 1422 659 delli
1444 615 1601 667 nostri,
1627 630 1676 660 se

2 745 5 747 .
45 707 134 735 non
155 691 192 734 si
227 699 428 734 trouasse
457 691 730 734 commodita
758 692 813 733 de
842 692 1088 734 mandarne
1118 706 1179 734 un
1213 693 1342 745 altro,
1374 699 1418 735 et
1446 707 1525 747 par
1552 694 1675 736 sarra

43 783 146 812 cosa
168 768 244 824 pisi
266 782 408 811 suaue
436 768 481 809 in
511 767 659 822 questi
688 767 894 823 principii
922 782 1011 810 non
1042 769 1108 811 far
1139 768 1389 812 mutatione
1419 768 1674 812 uniuersale

37 846 97 889 de
119 845 226 901 ogni
248 859 369 897 cosa,
395 844 519 887 accio
541 859 632 886 non
654 844 690 886 si
714 844 923 899 spantino
941 844 971 886 li
988 845 1181 887 scholari
1198 846 1315 888 della
1332 845 1504 899 nouita;
1530 853 1575 888 et
1593 861 1673 902 per

38 929 200 977 questo
228 936 347 964 anno
382 921 525 977 primo
554 924 724 964 restara
752 921 781 962 il
810 929 950 964 rettor
989 922 1165 974 uechio,
1206 923 1247 965 el
1276 923 1381 976 qual
1412 923 1609 965 secondo
1641 922 1671 964 li

39 998 219 1054 capitoli
250 998 434 1041 doueria
461 1000 598 1041 esser’
631 999 687 1041 de
719 998 850 1040 fuora
878 999 994 1041 della
1023 998 1320 1054 Compagnia.
1354 1000 1543 1041 Restara
1570 999 1672 1042 dico

40 1090 116 1132 per
140 1083 306 1119 rettore
328 1076 385 1119 de
414 1062 551 1130 quelli
578 1075 623 1116 di
652 1076 745 1118 S.t0
775 1074 1072 1131 Hieronymo,
1098 1083 1144 1118 et
1167 1077 1311 1118 anche
1338 1078 1468 1131 potra
1497 1083 1668 1121 restare

39 1167 118 1208 per
141 1159 280 1196 rettor
301 1153 418 1196 della
442 1151 705 1203 uniuersitat,
731 1158 985 1207 sottoporto
1007 1153 1114 1207 pero
1137 1153 1179 1194 al
1201 1151 1432 1208 superiore
1461 1153 1532 1195 del
1562 1167 1668 1195 nos-

41 1237 108 1272 tro
133 1228 324 1285 collegio
345 1228 392 1271 in
416 1235 533 1270 tutto
555 1228 585 1270 il
607 1242 826 1284 gouerno,
855 1234 980 1270 tanto
1002 1229 1075 1272 del
1098 1228 1291 1284 collegio
1308 1229 1365 1271 de
1383 1229 1477 1272 S.t0
1502 1229 1669 1272 Hiero-

38 1321 189 1362 nymo,
213 1313 383 1360 quanto
406 1305 522 1349 della
544 1304 808 1358 uniuersita;
832 1312 893 1358 et,
913 1319 962 1348 se
978 1307 1136 1360 parera
1152 1305 1421 1361 expediente
1444 1306 1666 1349 retenerlo

35 1385 180 1427 anche
202 1382 278 1438 piu
300 1383 439 1439 longo
462 1390 630 1437 tempo,
656 1396 833 1437 sempre
854 1384 978 1424 serra
1001 1382 1044 1423 in
1069 1396 1202 1424 mano
1225 1382 1341 1425 della
1364 1382 1662 1438 Compagnia,

36 1473 161 1502 come
182 1459 245 1502 lui
267 1470 449 1511 mostra,
475 1467 520 1503 et
539 1474 599 1501 un
616 1459 661 1501 di
681 1460 798 1502 forse
815 1461 946 1514 potra
969 1458 1136 1501 intrare
1159 1458 1203 1500 in
1233 1460 1398 1513 quella,
1430 1460 1595 1514 perche
1628 1459 1665 1502 si

35 1544 203 1579 mostra
223 1537 341 1578 bona
364 1551 554 1591 persona
576 1543 621 1578 et
643 1536 916 1579 amoreuole.
944 1537 1107 1578 Anche
1136 1537 1192 1578 de
1223 1543 1350 1578 tener
1378 1547 1538 1590 questo
1568 1550 1664 1579 me-

34 1613 204 1657 desimo
228 1615 299 1656 nel
323 1613 469 1656 officio
491 1614 564 1657 del
585 1620 753 1657 rettore
774 1613 847 1656 del
871 1612 1120 1656 uniuersita
1148 1614 1265 1655 farra
1298 1614 1382 1655 che
1414 1612 1443 1654 li
1471 1613 1664 1655 scholari

35 1690 72 1734 si
95 1691 284 1733 fermino
304 1690 382 1746 pisi
407 1689 644 1734 uolontieri
667 1689 813 1732 insino
835 1705 860 1732 a
883 1696 1008 1732 tanto
1030 1691 1115 1733 che
1138 1689 1311 1745 piglino
1335 1689 1572 1733 affectione
1589 1689 1663 1732 alli

34 1767 191 1810 nostri.
219 1769 275 1810 Et
298 1783 323 1810 a
346 1774 506 1822 questo
535 1766 781 1811 medesimo
818 1768 953 1810 effeto
982 1766 1247 1810 seruiranno
1280 1766 1308 1807 li
1339 1766 1518 1810 maestri
1546 1767 1662 1809 delle

31 1845 163 1888 classi
193 1846 337 1896 basse,
370 1858 498 1887 come
526 1846 584 1886 ho
613 1845 754 1896 detto,
786 1843 971 1907 ritenuti
992 1858 1071 1899 per
1093 1844 1268 1888 adesso,
1296 1845 1464 1886 Nostro
1497 1844 1656 1896 Padre,

29 1922 228 1976 dunque,
256 1921 559 1964 ricommanda
574 1936 599 1964 a
622 1923 678 1964 V.
706 1923 758 1964 R.
785 1928 831 1964 et
852 1921 893 1964 al
917 1922 969 1963 P.
997 1920 1178 1963 Canisio
1198 1922 1281 1963 che
1299 1936 1378 1976 per
1396 1920 1425 1962 il
1442 1920 1660 1976 principio

27 1999 84 2041 de
100 1999 355 2043 Settembre
376 2005 436 2051 et,
463 2006 631 2054 quanto
655 2001 795 2054 prima
813 1998 849 2040 si
866 2013 940 2054 po,
962 1999 1078 2041 ueda
1095 1997 1140 2039 di
1158 1999 1344 2040 mandar
1361 1998 1403 2039 la
1420 2004 1558 2053 gente
1575 1999 1659 2041 che

24 2077 85 2118 ho
107 2076 247 2128 detto;
273 2082 333 2127 et,
359 2076 600 2119 essendoui
629 2076 671 2118 la
701 2082 827 2131 peste
856 2075 902 2116 in
930 2074 1222 2130 Ingolstadio,
1248 2089 1327 2130 par
1347 2074 1478 2117 uiene
1495 2075 1537 2116 al
1553 2089 1658 2129 pro-

28 2152 171 2208 posito
188 2159 336 2195 mutar
358 2152 388 2194 li
410 2152 552 2195 nostri
574 2152 619 2194 di
641 2153 682 2194 la
704 2152 750 2194 in
767 2152 968 2208 Dilinga,
989 2159 1034 2195 et
1052 2158 1288 2194 starranno
1306 2166 1433 2193 come
1451 2150 1653 2206 prestati‚

27 2229 176 2272 insino
193 2245 219 2272 a
236 2236 361 2272 tanto
379 2231 463 2273 che
480 2229 546 2272 sia
564 2237 713 2285 tempo
730 2229 775 2271 di
803 2231 969 2272 tornar'
991 2228 1035 2271 in
1054 2228 1348 2284 Ingolstadi03
1370 2235 1415 2271 et
1433 2227 1478 2269 in
1496 2233 1657 2282 questo

31 2321 183 2350 mezzo
219 2289 445 2350 uerranno
480 2306 511 2348 li
540 2306 639 2349 altri
666 2306 711 2349 di
738 2308 896 2359 Roma;
928 2313 973 2348 et
1001 2320 1101 2361 pur,
1136 2321 1185 2348 se
1213 2306 1403 2347 andasse
1430 2311 1556 2359 parte
1583 2303 1656 2348 del

31 2383 222 2440 collegio
246 2385 301 2427 de
322 2383 600 2439 Ingolstadio
623 2382 669 2426 in
691 2384 804 2426 altro
826 2384 983 2438 luogo,
1009 2383 1185 2426 almeno
1207 2381 1237 2423 li
1260 2394 1287 2434 4
1308 2396 1334 2423 o
1366 2392 1388 2435 5
1418 2394 1656 2424 neccessa-·

29 2458 82 2502 rii
104 2460 140 2502 si
163 2461 422 2503 doueranno
443 2461 656 2503 mandare
676 2459 721 2501 in
744 2459 944 2515 Dilinga:
965 2466 1011 2501 et
1028 2458 1184 2502 uedasi
1202 2473 1251 2502 se
1270 2459 1336 2500 fra
1353 2457 1498 2512 questi
1518 2456 1555 2499 si
1572 2471 1655 2512 po-

26 2539 96 2580 tra
123 2537 322 2579 mandar’
354 2536 385 2578 il
414 2538 465 2579 Ρ.
498 2536 706 2579 Couillon
739 2539 767 2588 ¹,
799 2536 873 2592 gia
901 2538 986 2580 che
1011 2551 1092 2592 per
1118 2536 1160 2578 la
1188 2542 1314 2591 peste
1343 2549 1434 2577 non
1462 2535 1487 2577 6
1516 2548 1654 2590 expe—

26 2612 176 2657 diente
200 2614 316 2656 uada
337 2613 383 2655 in
405 2613 695 2669 Ingolstadio.
723 2614 950 2657 Potrebbe
980 2615 1124 2656 anche
1146 2612 1270 2670 Jorje
1301 2611 1468 2662 Pietro‚
1505 2609 1654 2653 schia—

27 2704 159 2741 uone,
185 2690 397 2735 mandato
419 2691 490 2732 col
513 2692 564 2732 Ρ.
594 2690 799 2733 Oliuerio
820 2689 1003 2747 esse[re]
1033 2704 1124 2731 uno
1153 2688 1257 2732 delli
1286 2687 1359 2730 doi
1388 2686 1650 2739 humanisti‚

100 2817 107 2835 ¹
160 2815 219 2849 De
244 2814 287 2849 P.
313 2815 460 2860 Joanne
485 2814 706 2850 Cuvillonio
732 2814 985 2859 (Couvillon),
1010 2825 1127 2859 saepe
1145 2812 1293 2848 dictum
1312 2817 1373 2847 est
1397 2812 1437 2847 in
1459 2808 1654 2847 Chronico

27 2873 226 2918 POLANCI,
246 2879 285 2907 et
303 2873 396 2908 alibi
414 2873 453 2908 in
471 2873 613 2908 nostris
632 2874 929 2909 MONUMENTIS.
956 2874 1197 2919 Frequenter
1224 2872 1342 2907 etiam
1365 2871 1487 2917 ipsius
1507 2870 1654 2906 mentio

23 2931 70 2966 fit
90 2932 127 2966 in
147 2931 303 2967 Canisii
320 2933 533 2978 epistulis,
551 2944 573 2967 a
597 2933 640 2967 P.
660 2933 1001 2968 BRAUNSBERGER
1019 2931 1148 2966 editis.
