1958 3210
824 169 910 214 1561
1635 169 1680 213 73

52 273 210 331 spondi
231 272 570 315 difficultatibus.
599 272 910 315 Constituerat
939 272 992 313 P.
1019 272 1054 313 F
1058 270 1289 314 ranciscus
1311 270 1384 313 hic
1415 277 1671 326 expectare,

55 353 196 401 donec
218 364 323 405 ego,
350 349 538 392 veniens
559 349 605 390 in
628 349 888 400 Castellam,
914 347 1113 391 viderem
1141 347 1279 406 [quid]
1302 347 1363 389 illi
1387 354 1506 392 esset
1535 362 1677 404 agen-

58 428 178 470 dum.
206 428 262 469 Et
290 440 378 481 ego
406 425 587 480 quidem
622 427 738 469 bene
773 426 1023 481 sperabam,
1056 432 1104 466 vt
1138 439 1328 480 semper.
1362 424 1563 468 Deduxit
1589 440 1678 477 me,

58 505 295 546 abeuntem
324 502 646 554 Conimbriam,
678 503 734 544 ad
764 501 1085 544 monasterium
1116 502 1188 545 del
1221 502 1436 555 Pedroso,
1467 503 1522 544 ad
1548 514 1571 544 2
1596 502 1680 544 mi-

23 564 31 569 *
53 580 189 623 liaria.
216 581 264 621 In
286 581 371 621 hoc
393 580 532 622 multa
553 579 665 621 dixit
683 581 738 621 de
761 578 971 630 Araozio,
993 585 1079 622 etc.

143 658 244 700 Non
267 655 423 700 censui
445 670 544 699 esse
572 655 923 712 permittendum
951 661 1000 696 vt
1029 656 1212 698 Goueas
1243 654 1431 711 (etiamsi
1459 654 1682 711 legittime

54 733 98 776 id
119 733 299 789 posset),
324 732 480 776 relicta
502 746 656 784 vxore,
688 732 964 787 reciperetur
991 732 1044 773 ad
1067 730 1356 783 Societatem,
1388 732 1465 773 vbi
1488 731 1574 774 iam
1597 734 1679 774 ha-

52 810 185 854 bebat
208 822 232 864 3
255 810 387 852 filios.
415 811 518 852 Non
540 809 762 852 habebam
786 808 1058 863 exemplum,
1084 815 1129 850 et
1152 822 1243 849 non
1266 809 1537 863 putabamus
1559 810 1675 851 bene

51 901 148 930 esse
163 885 411 938 audituros,
425 886 460 928 si
479 886 523 927 id
542 886 684 928 fieret.
717 885 722 942 1
751 884 952 926 Iudicaui
969 884 1124 927 Vtilius
1140 883 1178 927 si
1189 885 1350 927 domus
1368 884 1442 926 illa
1460 891 1679 939 portuen-

54 962 113 1006 sis
128 963 255 1005 fieret
272 977 477 1005 secessus
496 962 676 1017 quidam
695 977 776 1018 pro
794 961 1201 1005 conimbriensibus
1217 961 1572 1016 valetudinarijs,
1588 968 1675 1004 etc.

145 1083 245 1125 141
726 1094 1025 1124 CONIMBRIAE

143 1194 230 1238 Hic
259 1201 353 1238 erat
388 1197 441 1237 P.
474 1194 667 1238 Michael
695 1194 751 1236 de
781 1195 893 1237 Sosa
936 1199 1098 1236 rector.
1138 1192 1329 1235 Inferius
1363 1189 1458 1251 [sic]
1486 1193 1679 1249 collegio

57 1274 107 1315 P.
136 1271 389 1327 Cyprianus
412 1278 574 1315 rector.

140 1350 191 1391 P.
218 1348 364 1392 Miron
387 1347 551 1391 missus
574 1348 721 1391 fuerat
743 1348 789 1390 in
812 1362 1003 1403 regnum
1021 1346 1284 1403 Aragoniae
1301 1361 1326 1389 a
1345 1348 1396 1388 P.
1418 1347 1453 1388 F
1456 1345 1676 1400 rancisco,

54 1432 101 1467 vt
137 1432 255 1469 esset
287 1424 591 1481 prouincialis;
629 1424 802 1468 obierat
840 1424 960 1468 enim
998 1425 1051 1466 Ρ.
1090 1425 1268 1474 Barma,
1304 1423 1400 1476 sed,
1440 1422 1679 1478 designato

55 1505 107 1546 P.
141 1502 372 1553 Cordesio,
413 1501 560 1545 Miron
590 1501 674 1543 fuit
710 1501 873 1544 missus
908 1500 1141 1553 Mursiam,
1172 1500 1292 1542 vnde
1326 1499 1410 1542 fuit
1439 1506 1680 1543 reuocatus

55 1579 372 1630 Conimbriam,
398 1585 446 1620 vt
468 1585 625 1634 ageret
647 1577 1109 1634 superintendentem,
1135 1578 1258 1632 quod
1280 1576 1419 1632 prius.

142 1655 245 1707 Hic,
286 1662 468 1711 propter
504 1654 855 1706 multitudinem,
891 1661 939 1696 vt
977 1668 1271 1710 agnoscerem
1304 1668 1475 1705 omnes,
1502 1653 1680 1709 incoepi

54 1732 163 1775 illud
185 1733 440 1775 institutum
464 1740 632 1784 tenere,
656 1738 705 1773 vt
726 1732 1008 1774 comederem
1031 1731 1078 1773 in
1106 1730 1315 1773 cubiculo
1344 1730 1541 1786 quidem,
1568 1730 1680 1773 nihil

56 1816 178 1854 extra
200 1809 402 1853 ordinem
433 1817 598 1862 tamen,
632 1816 677 1852 et
705 1824 881 1852 mecum
905 1808 1039 1863 aliquj
1070 1824 1125 1852 ex
1149 1808 1362 1851 Patribus
1397 1815 1441 1852 et
1466 1807 1678 1851 fratribus

54 1901 131 1942 per
152 1887 274 1942 vjces
302 1888 328 1929 ¹.

138 1965 313 2020 Egebat
345 1963 641 2008 renouatione
677 1966 766 2007 hoc
799 1963 1058 2019 collegium,
1107 1970 1155 2004 vt
1188 1961 1462 2018 scripserant
1494 1963 1550 2004 ad
1586 1964 1675 2005 Pa—

53 2047 179 2093 trem,
210 2041 216 2098 1
244 2048 479 2097 propterea
497 2055 735 2085 necessum
753 2039 838 2082 fuit
855 2040 1025 2083 diutius
1042 2039 1116 2082 hic
1133 2041 1335 2091 haerere,
1347 2046 1393 2082 et
1410 2038 1676 2095 diligentius

53 2131 201 2173 agere,
221 2118 342 2173 quod
357 2117 491 2161 etiam
509 2117 751 2160 multitudo
767 2117 1018 2174 flagitabat.
1035 2118 1139 2160 Non
1156 2117 1361 2172 placebat
1380 2116 1613 2167 Andrada,
1631 2122 1677 2158 et

53 2194 245 2249 fortasis,
269 2195 385 2237 male
406 2194 491 2237 sibi
514 2195 738 2247 conscius,
763 2194 970 2237 discessit
999 2195 1271 2237 clanculum.
1303 2193 1485 2248 Quibus
1514 2192 1676 2236 diebus

55 2270 243 2326 primum
265 2286 477 2315 veneram
500 2286 569 2323 eo,
594 2271 730 2314 etiam
753 2271 1009 2314 accuratius
1031 2272 1137 2313 data
1159 2278 1228 2314 est
1249 2284 1385 2326 opera
1408 2271 1463 2312 ad
1493 2268 1674 2325 spiritus

55 2353 100 2389 et
120 2362 267 2390 rerum
290 2348 488 2391 omnium
516 2348 873 2392 renouationem.
905 2348 1085 2404 Incoepi
1108 2347 1247 2404 igitur
1276 2348 1442 2389 habere
1464 2347 1677 2390 exhorta—

56 2422 213 2476 tiones,
226 2425 390 2480 quibus
405 2426 518 2469 adeo
537 2426 720 2470 fuerunt
737 2425 915 2469 accensi
933 2432 982 2467 vt
998 2439 1164 2481 magna
1181 2430 1447 2479 sequeretur
1463 2421 1672 2474 mutatio,

54 2514 217 2557 magna
238 2502 517 2545 confirmatio
538 2503 653 2545 142
675 2502 941 2545 animorum:
967 2509 1123 2545 secuta
1145 2501 1351 2544 examina
1367 2507 1410 2543 et
1427 2499 1675 2542 confessio-

52 2590 132 2620 nes
153 2580 404 2634 generales,
424 2594 515 2622 non
533 2580 678 2622 solum
708 2580 763 2621 ab
786 2579 957 2631 Vltima,
990 2580 1069 2622 sed
1092 2578 1179 2622 iam
1202 2578 1307 2621 inde
1335 2583 1572 2634 postquam
1593 2591 1675 2620 ve-

51 2661 208 2697 nerant
229 2656 286 2698 ad
308 2655 580 2700 Societatem
603 2657 635 2698 ².

138 2731 290 2774 Habui
311 2732 418 2776 item
447 2733 638 2776 subinde
674 2733 936 2778 collationes
964 2734 1020 2777 de
1042 2733 1113 2789 ijs,
1146 2746 1262 2788 quae
1296 2731 1495 2776 dixeram
1524 2731 1570 2773 in
1593 2746 1674 2775 ex—

128 2917 136 2937 ¹
187 2915 444 2963 SAccfflNUS,
463 2918 539 2952 loc.
566 2918 650 2964 cit.,
669 2930 707 2953 n.
731 2927 790 2963 14.

125 2976 139 2995 2
189 2974 445 3022 SACCHINUS,
465 2977 536 3011 loc.
561 2977 644 3023 cit.,
663 2990 705 3013 n.
736 2986 793 3022 15.
