1958 3210
819 144 908 188 ῐ556
1632 156 1673 191 41

136 245 373 287 Dificultas
401 243 695 299 perueniendi
724 246 924 296 Ienuam,
950 252 1132 300 propter
1156 252 1469 301 tempestatem
1499 253 1544 290 et
1576 248 1676 303 plu-

50 322 160 364 uias.
188 320 536 376 Expectauimus
559 322 724 365 Ienuae
742 321 788 364 in
810 322 945 363 domo
963 321 1088 365 Sauli
1106 321 1153 364 in
1169 329 1337 364 monte:
1363 322 1590 367 dificultas
1607 323 1675 366 in-

52 405 172 443 terea
189 397 245 440 ab
262 397 462 452 hispanis
479 398 536 441 de
553 398 653 440 loco
675 398 721 440 in
738 398 860 450 naui,
886 405 931 440 et
950 399 1078 440 fauor
1099 398 1244 451 ducis,
1265 406 1351 441 etc.
1374 400 1678 443 Commodum

51 474 324 525 cubiculum,
350 488 517 529 magna
545 474 762 530 prouisio,
798 489 932 529 quam
961 475 1290 519 contradiceret
1312 477 1555 531 Goncales‚
1587 484 1675 521 etc.

52 551 306 594 Bernardus
334 550 538 592 infensus
570 552 606 593 F
610 551 812 594 rancisco
845 552 1122 603 Alexandro,
1158 553 1279 606 quod
1313 552 1448 596 sciret
1474 553 1678 610 linguam

48 627 296 678 iudeorum,
323 627 399 681 qui
423 627 654 670 Christum
677 626 737 687 [Ρ]
760 627 1033 671 occiderant.

134 705 206 766 6?
230 705 366 759 Quod
390 703 450 761 [?]
469 704 602 747 nobis
619 704 852 760 nauigatio
875 704 1062 747 cesserit
1079 711 1127 746 vt
1156 705 1438 760 praedixerat
1462 709 1513 749 P.
1541 709 1677 763 Igna—

47 781 150 834 tius;
190 796 291 823 nam
323 783 508 833 Romae,
531 796 672 836 quum
701 781 1013 824 constituisset
1050 796 1121 825 me
1158 781 1352 834 mittere,
1388 784 1616 826 consuluit
1653 800 1679 827 a

47 872 185 902 coena
207 860 381 909 Patres,
408 866 494 901 etc.
522 873 611 914 qua
632 857 704 901 via
726 872 928 901 essemus
952 857 1072 909 ituri,
1101 865 1277 900 terrane
1306 873 1363 901 an
1384 859 1513 912 mari,
1539 867 1585 903 et
1606 875 1678 903 me

46 934 188 978 voluit
215 934 364 977 dicere
393 935 662 978 sententiam
692 935 978 991 interrogans
1008 950 1116 977 num
1147 949 1293 978 essem
1315 935 1430 979 liber
1456 943 1504 978 vt
1528 937 1584 980 de
1606 953 1671 989 re,

49 1026 163 1066 quae
185 1012 241 1054 ad
263 1026 333 1054 me
357 1012 592 1064 attinebat,
618 1012 832 1056 dicerem:
858 1012 950 1054 dixi
973 1026 1045 1054 me
1071 1012 1281 1066 liberum,
1307 1019 1353 1055 et
1382 1013 1493 1055 mari
1515 1011 1674 1057 videri.

49 1087 169 1131 Nihil
191 1095 315 1141 tunc3
341 1089 420 1131 sed
443 1089 659 1144 postridie
683 1088 963 1133 renuntiauit
984 1089 1095 1131 mihi
1117 1104 1197 1145 per
1226 1089 1472 1132 Martinum
1495 1098 1545 1132 vt
1566 1092 1677 1134 mari

48 1164 213 1207 iremus
241 1179 344 1207 cum
375 1180 540 1221 magna
569 1165 902 1218 benedictione,
929 1167 1050 1220 quod
1079 1180 1168 1222 ego
1200 1166 1359 1222 scripsi
1382 1166 1428 1209 in
1451 1182 1552 1210 meo
1574 1169 1678 1211 bre—

48 1241 205 1285 uiario.
229 1242 486 1285 Periculum
511 1258 534 1284 a
557 1242 702 1298 pirata
719 1244 959 1299 gallorum,
987 1243 1063 1299 qui
1086 1244 1142 1285 ad
1170 1242 1177 1301 Ι
1206 1244 1439 1288 Balearem
1463 1245 1677 1289 maiorem

47 1317 233 1375 impegit
255 1334 532 1375 persequens
555 1319 767 1376 exiguam
791 1334 954 1363 nauem
978 1319 1277 1363 lusitanorum
1305 1323 1331 1363 ¹.

132 1476 212 1517 69
649 1489 697 1517 IN
721 1489 970 1527 HISPANIA,
1007 1477 1067 1517 2.⁰

810 1596 921 1629 1556

133 1708 400 1765 Attigimus,
428 1710 514 1752 X.0
540 1708 699 1764 gloria,
728 1716 892 1752 terram
916 1708 1113 1763 Alicantj
1139 1708 1185 1750 in
1214 1708 1286 1751 die
1309 1710 1679 1753 Circumcisionis

53 1787 174 1841 1556.
223 1785 443 1829 Venimus
487 1784 729 1829 Helchium
774 1786 807 1837 ²,
853 1784 929 1827 vbi
972 1784 1172 1841 benigne
1214 1800 1297 1827 nos
1335 1786 1511 1842 accepit
1553 1802 1679 1830 soror

45 1865 100 1907 D.
129 1862 384 1918 Theotonij,
424 1862 763 1916 marchionissa,
796 1861 972 1905 etiamsi
1000 1869 1121 1905 esset
1149 1862 1325 1906 infensa
1354 1865 1407 1906 P.
1434 1864 1611 1920 Ignatio
1633 1872 1677 1908 et

44 1939 259 1985 Societati
285 1947 467 1996 propter
495 1939 800 1983 dimissionem
830 1938 995 1982 fratris.
1038 1939 1224 1982 Miserat
1246 1954 1318 1984 me
1343 1942 1479 1985 Pater
1506 1943 1678 1997 absque

44 2017 182 2069 socio,
207 2023 252 2060 et
275 2017 399 2061 dedit
426 2031 580 2060 curam
605 2029 628 2059 2
647 2031 891 2073 puerorum
924 2016 1212 2069 secularium,
1249 2031 1363 2072 quos
1393 2019 1606 2063 ducerem
1629 2019 1677 2061 in

44 2094 324 2150 Hispaniam.

130 2172 237 2214 Inde
260 2171 493 2223 Mursiam,
519 2171 596 2213 vbi
617 2170 819 2214 intellexi
842 2172 898 2214 de
920 2179 1063 2215 morte
1087 2171 1235 2214 Patris
1259 2173 1305 2215 M
1313 2170 1340 2214 ‚i
1374 2173 1674 2225 Domenechi,

42 2249 161 2292 vnde
184 2250 351 2291 factum
374 2255 442 2292 est
463 2255 513 2290 vt
529 2263 620 2291 non
637 2255 790 2304 posset
811 2255 1043 2304 paternam
1066 2248 1389 2293 haereditatem
1408 2248 1545 2303 adire;
1572 2265 1676 2294 nam

44 2326 179 2381 paulo
197 2332 437 2381 antequam
460 2325 766 2369 discessissem
795 2341 851 2369 ex
879 2327 1007 2379 vrbe,
1034 2326 1201 2370 fecerat
1228 2326 1235 2384 Ι
1263 2326 1590 2382 professionem
1619 2329 1673 2370 P.

45 2403 347 2455 Domenecus,
373 2403 418 2445 id
440 2402 782 2458 importunitate
799 2410 1089 2458 extorquens,
1111 2418 1250 2458 quum
1268 2403 1314 2446 id
1332 2403 1393 2445 illi
1412 2411 1671 2460 negaretur.

131 2480 248 2525 Veni
270 2479 541 2524 Valentiam:
572 2481 801 2536 professus
829 2495 929 2523 sum
967 2480 1099 2536 plane
1136 2480 1261 2522 illum
1294 2481 1565 2536 professum,
1591 2496 1678 2526 nec

43 2570 175 2612 posse
195 2556 320 2600 obire
342 2557 667 2601 haereditatem
689 2557 843 2613 patris,
877 2557 962 2600 nisi
981 2557 1163 2602 aliunde
1179 2557 1363 2613 aliquod
1380 2557 1451 2601 ius
1468 2559 1670 2602 haberet.

42 2633 151 2678 Inde
177 2640 301 2677 ortae
328 2633 428 2677 lites
456 2633 574 2678 inter
601 2635 912 2678 Domenecum
934 2641 980 2677 et
1012 2649 1210 2678 sororem
1249 2635 1536 2692 Angelicam,
1569 2635 1676 2679 inde

117 2840 127 2860 ¹
179 2839 266 2874 Fol.
289 2838 335 2873 68
354 2844 478 2874 totum
497 2850 663 2874 vacuum
682 2838 861 2874 relictum
879 2844 955 2874 est.

114 2900 127 2919 Ξ
180 2899 392 2934 «ELCHE...
421 2909 530 2944 prov.
557 2897 605 2933 de
631 2898 858 2934 Alicante...
885 2897 1054 2934 diocesis
1085 2899 1132 2933 de
1164 2899 1396 2936 Orihuela...
1425 2911 1473 2935 en
1504 2902 1540 2935 la
1569 2907 1677 2936 costa

44 2956 107 2992 del
127 2957 450 2993 Mediterranea»
472 2958 641 3004 MADOZ‚
662 2959 775 2994 Dice.
797 2970 946 3007 geogr.
