1958 3210
255 154 299 189 36
814 153 856 186 P.
887 151 921 186 N
925 160 1073 187 ATALIS
1101 152 1318 187 EPHEMER.

344 297 418 339 5²
441 310 473 338 v
951 296 1194 349 VENETIJS

344 407 430 464 Egi
453 422 557 450 cum
586 406 724 463 priori
753 407 810 449 de
840 407 974 450 rebus
1003 407 1314 463 collegiorum,
1348 415 1434 451 etc.
1469 409 1638 453 Censui
1668 424 1760 452 non
1786 423 1888 455 esse
1949 451 1950 465 ἢ

254 485 484 528 habendas
506 484 684 527 scholas
707 483 930 538 Venetijs,
956 484 1037 526 sed
1060 490 1236 526 tantum
1255 485 1447 541 Patauij.
1470 485 1680 539 Visitaui‚
1702 493 1789 531 etc.
1812 488 1887 530 In-

254 560 403 604 tellexi
425 562 481 603 de
505 561 710 604 Arnoldo
733 561 923 612 flandro,
949 567 1057 605 etc.:
1078 560 1179 603 misi
1201 560 1327 604 illum
1350 564 1539 606 Romam
1557 563 1604 606 in
1621 563 1886 620 peregrina—

254 638 437 682 tionem.
465 637 750 681 Tenuissime
773 637 847 680 hic
869 637 1087 681 viuebant
1110 638 1268 691 nostri,
1294 647 1531 695 propterea
1552 642 1674 695 quod
1701 641 1887 685 aleban-
1952 642 1953 646 ’

254 723 325 757 tur
348 730 373 757 a
394 715 547 772 priori:
574 715 681 758 huic
705 715 769 759 rei
792 722 861 757 est
883 714 1117 771 prouisum
1139 717 1288 771 quoad
1311 717 1459 772 potuit
1488 720 1513 759 ¹.

341 836 418 878 53
441 848 474 879 v
968 837 1153 879 PATAUI
1158 849 1178 888 J

345 947 433 991 Hic
460 948 553 991 vidi
577 948 907 992 Bernardinum
932 948 1200 1001 theatinum,
1226 949 1303 1005 qui
1333 949 1418 993 fuit
1446 958 1603 1007 postea
1631 952 1886 996 cardinalis.

257 1026 466 1079 Visitaui,
493 1034 576 1070 etc.
605 1025 881 1082 praescripsi
904 1040 962 1068 ne
984 1026 1208 1070 habitaret
1237 1026 1284 1070 in
1305 1028 1422 1071 horti
1447 1028 1590 1072 nostri
1616 1031 1786 1086 angulo
1808 1045 1891 1075 ex-

256 1112 411 1147 ternus
432 1104 715 1147 hortulanus.
743 1103 910 1159 Recepi
939 1103 1092 1147 literas
1117 1119 1141 1147 a
1165 1106 1300 1149 Patre
1322 1119 1381 1148 ne
1408 1120 1736 1160 commonerer,
1767 1109 1889 1163 quod

258 1182 429 1224 Paulus
445 1193 473 1234 4
495 1180 715 1225 voluisset
736 1196 809 1225 me
832 1181 1080 1226 subsistere
1107 1181 1154 1224 in
1182 1183 1444 1236 Germania;
1476 1197 1525 1226 56
1546 1184 1662 1228 scire
1688 1184 1786 1228 eius
1807 1200 1891 1229 vo-

255 1259 492 1310 luntatem,
518 1259 637 1301 nolle
660 1273 732 1302 me
760 1258 807 1300 in
835 1259 1128 1303 Germaniam
1151 1259 1312 1305 redire.
1340 1261 1468 1304 Haec
1500 1276 1556 1305 ex
1582 1276 1734 1306 errore
1761 1269 1892 1305 erant

254 1335 472 1391 profecta,
498 1351 602 1379 nam
624 1336 800 1379 dixerat
827 1336 1067 1380 cardinalis
1092 1338 1234 1380 Paulo
1258 1353 1329 1381 me
1357 1337 1613 1394 disputasse
1643 1353 1746 1381 cum
1770 1340 1806 1382 F
1809 1354 1892 1382 au-

255 1426 372 1465 sero,
399 1413 718 1457 concionatore
742 1414 1052 1468 Maximiliani,
1073 1414 1199 1457 illum
1228 1430 1482 1471 superasse,
1503 1430 1603 1460 6556
1621 1431 1692 1459 me
1708 1418 1782 1460 54
1803 1417 1893 1460 vti—

257 1491 344 1533 lem
372 1490 418 1533 in
447 1491 715 1545 Germania3
749 1491 901 1547 itaque
931 1488 1310 1548 impetrauerat'a
1339 1494 1482 1536 Paulo
1511 1501 1560 1536 vt
1589 1508 1817 1538 manerem
1847 1494 1893 1537 in

258 1568 518 1612 Germania:
546 1569 718 1613 interea
745 1583 835 1626 ego
859 1569 964 1613 veni
981 1570 1027 1612 in
1050 1569 1305 1623 Italiam,'et
1322 1570 1501 1627 scripsit
1517 1572 1574 1614 ad
1592 1587 1663 1616 me
1681 1573 1734 1615 P.
1756 1573 1894 1629 Igna-

258 1644 363 1697 tius,
396 1646 517 1701 quod
550 1661 638 1702 ego
669 1645 859 1689 audiens
882 1646 992 1689 nihil
1014 1648 1146 1703 plane
1174 1647 1347 1691 curaui:
1375 1648 1584 1705 rescripsi
1620 1649 1677 1693 ad
1711 1651 1893 1694 Patrem

258 1722 367 1765 mihi
389 1722 501 1765 nihil
522 1723 696 1767 dictum
718 1738 817 1768 esse
840 1724 1022 1767 nomine
1047 1724 1192 1777 Pauli;
1214 1740 1285 1769 me
1301 1725 1495 1770 libenter
1515 1727 1756 1780 facturum,
1777 1741 1894 1782 quae

259 1799 354 1856 ipse
377 1800 597 1845 scriberet
620 1802 652 1843 ².
685 1802 691 1858 Ι

939 1925 1221 1967 FERRARIAE

349 2035 454 2077 Huc
478 2049 571 2077 non
595 2034 762 2078 fuimus
786 2035 968 2078 admissi
991 2043 1173 2091 propter
1190 2036 1329 2091 pestis
1346 2036 1665 2092 suspicionem,
1686 2045 1732 2082 et
1750 2045 1894 2081 totum

258 2111 378 2153 diem
408 2111 764 2168 expectauimus‚
797 2119 846 2155 vt
882 2113 1151 2157 Pelletarius
1188 2113 1318 2156 nobis
1345 2114 1608 2170 impetraret
1639 2114 1891 2171 ingressus;

263 2189 443 2232 tandem
477 2203 617 2244 quum
646 2188 757 2233 nihil
787 2190 1074 2244 confecisset,
1100 2192 1185 2233 sub
1221 2198 1401 2235 noctem
1430 2191 1577 2234 coacti
1599 2206 1757 2235 sumus
1786 2207 1895 2249 pro-

259 2265 388 2321 gredi
411 2265 614 2309 vlterius.
643 2266 869 2311 Postridie
892 2267 1060 2310 fuimus
1078 2267 1123 2309 in
1141 2283 1317 2311 summo
1335 2268 1552 2324 periculo,
1578 2283 1681 2312 cum
1700 2269 1747 2311 in
1768 2284 1896 2326 cym—

260 2344 317 2385 ba
339 2357 442 2386 cum
466 2343 600 2398 equis
625 2343 1032 2388 transmitteremus
1056 2345 1247 2388 Padum.

348 2466 420 2506 55
952 2467 1206 2509 BONONIAE

349 2577 445 2620 Nec
468 2579 557 2620 huc
590 2577 785 2633 primum
820 2578 987 2621 fuimus
1021 2578 1218 2622 admissi:
1257 2579 1425 2623 fuimus
1454 2580 1500 2622 in
1531 2583 1677 2624 horto:
1715 2583 1896 2626 tandem

261 2652 521 2709 impetrauit
546 2657 598 2697 P.
621 2656 655 2697 F
659 2655 891 2698 ranciscus
910 2655 1127 2698 Palmius.
1151 2656 1361 2709 Visitaui‚
1389 2664 1476 2700 etc.
1498 2658 1702 2702 Intellexi
1719 2658 1899 2702 dificul—

263 2735 401 2773 tatem
429 2731 608 2788 collegij
646 2739 829 2789 propter
859 2747 1012 2776 curam
1042 2735 1311 2789 pastoralem
1342 2734 1570 2779 ecclesiae.
1605 2735 1808 2780 Intellexi
1842 2737 1900 2780 de

337 2918 344 2936 ¹
398 2916 442 2951 In
461 2916 528 2952 fol.
549 2916 594 2961 53
613 2930 642 2952 r.
664 2918 717 2953 nil
737 2918 926 2965 scriptum
945 2924 1019 2953 est.
1273 2943 1275 2945 >

334 2979 347 2996 ²
398 2975 464 3011 Cf.
488 2977 622 3023 Epist.
648 2978 812 3023 Natal.‚
832 2979 863 3023 Ι,
883 2977 966 3021 312,
986 2978 1069 3023 313,
1085 2991 1173 3014 cum
1192 2985 1327 3015 annot.
