1958 3210
244 215 313 252 552
855 208 996 243 EPIST.
1030 208 1076 243 P.
1112 208 1265 245 NADAL

238 308 447 351 conferre
471 308 527 349 ad
549 306 809 349 institutum
834 307 1091 361 Societatis,
1116 316 1161 352 et
1187 308 1248 352 ita
1276 323 1379 352 cum
1409 309 1586 355 viderer
1615 311 1721 354 mihi
1745 313 1874 367 quasi

238 368 365 409 solus
386 365 557 409 versari
580 365 625 407 in
654 381 708 409 ea
734 373 846 419 arte,
872 367 918 409 in
948 382 1036 422 qua
1068 383 1229 412 reuera
1261 383 1362 413 meo
1394 369 1561 412 iudicio
1592 378 1698 413 sunt
1730 373 1873 416 multa

239 440 356 467 vana
379 432 423 468 et
447 424 638 477 inutilia,
666 426 841 469 ferebar
863 427 1088 471 desiderio
1113 429 1305 482 quodam
1336 429 1392 471 ad
1415 429 1565 472 studia
1592 431 1866 485 communia,
1945 453 1952 484 't

239 484 460 540 neglectis
498 485 841 528 mathematicis.
884 487 1017 530 Unde
1055 486 1223 529 factum
1257 495 1341 539 est,
1377 494 1427 530 ut
1460 490 1718 541 multorum,
1754 505 1869 545 quae
1920 491 1951 534 z*

237 551 373 587 antea
401 543 622 597 sciebam,
656 544 815 586 fuerim
853 545 1002 600 aliqua
1034 559 1089 589 ex
1118 554 1243 601 parte
1272 546 1453 590 oblitus.
1493 549 1664 591 Tamen
1692 549 1728 591 si
1758 551 1868 593 obe-

237 602 436 645 dientiae
459 603 520 646 ita
543 603 776 658 placuerit,
802 603 899 647 sine
923 605 1012 647 ulla
1029 604 1164 647 animi
1184 606 1572 661 tergiversatione,
1593 622 1696 650 cum
1713 608 1868 652 diuina

238 662 403 718 gratia,
429 662 545 704 dabo
569 664 755 717 posthac
778 664 920 706 multo
942 664 1205 719 diligentius
1233 679 1414 720 operam
1445 667 1772 710 mathematicis
1794 669 1866 712 vel

240 721 589 776 quibuscunque
611 721 708 776 alijs
731 722 907 777 studijs,
935 730 982 765 vt
1004 724 1211 779 superius
1233 724 1339 776 dixi,
1366 732 1410 767 et
1427 727 1727 780 perseuerabo
1744 727 1789 769 in
1806 726 1871 770 eis

237 787 494 823 contentus.
521 779 589 838 [IL
618 794 701 837 339
725 780 801 833 bis,
830 782 929 839 340]

339 853 374 882 1.
441 841 674 884 Llamome
702 841 885 896 Gaspar
907 842 977 883 del
1000 842 1168 884 Plano.
1202 855 1246 885 2.
1281 843 1374 898 Soy
1396 844 1450 886 de
1475 857 1531 898 34
1553 851 1664 887 anos
1688 860 1715 900 y
1744 844 1873 888 cinco

243 913 390 942 meses
419 901 473 942 de
512 900 645 943 edad.
687 913 731 953 3.
772 901 864 956 Soy
893 902 966 943 del
994 902 1171 943 ducado
1199 903 1255 944 de
1286 903 1513 947 Brabante
1546 918 1600 945 611
1636 905 1868 947 Flandres:

240 962 364 1000 nasci
388 959 470 1000 dos
492 959 652 1015 leguas
675 960 730 1002 de
754 961 1024 1004 Emberes...
1058 973 1128 1003 10.
1162 962 1232 1003 Yo
1253 962 1391 1004 desde
1408 964 1655 1005 mochacho
1674 963 1867 1016 estudie,

240 1033 271 1073 y
294 1021 319 1059 a
342 1019 409 1060 los
447 1019 495 1060 18
525 1025 637 1061 anos
665 1018 770 1062 vine
804 1023 829 1061 a
859 1021 1037 1075 Espafia
1065 1034 1152 1063 con
1185 1035 1246 1062 vn
1284 1022 1507 1065 cauallero
1544 1023 1803 1074 castellano,
1844 1038 1873 1078 y

241 1078 436 1133 algunos
460 1083 570 1119 anos
592 1078 633 1120 16
655 1081 774 1120 serui
799 1094 854 1122 en
877 1079 920 1122 la
941 1086 1065 1121 corte
1087 1094 1115 1134 y
1140 1080 1265 1123 fuera
1288 1081 1418 1123 della:
1454 1082 1647 1135 despue's
1675 1081 1871 1125 membio

241 1141 268 1179 a
291 1137 572 1189 Salamanca,
599 1138 747 1180 donde
776 1141 902 1180 entre
931 1154 987 1182 en
1017 1139 1059 1180 la
1088 1139 1393 1194 Compafiia...
1433 1152 1502 1193 14.
1542 1140 1799 1195 Recibiome
1830 1141 1872 1184 el

244 1198 300 1238 P.
335 1197 591 1239 Bartolome
616 1198 905 1249 Hernandez,
931 1204 1081 1241 rector
1103 1199 1174 1241 del
1198 1198 1388 1254 collegio
1411 1200 1467 1243 de
1496 1200 1778 1253 Salamanca,
1813 1215 1870 1244 en

240 1256 563 1299 Salamanca...
598 1257 667 1298 16.
703 1258 829 1299 Aura
852 1271 940 1312 que
963 1260 1091 1300 entre
1114 1271 1168 1300 en
1193 1258 1235 1300 la
1257 1259 1505 1313 Compafiia
1528 1272 1555 1312 4
1583 1266 1694 1302 anos
1723 1275 1751 1315 y
1780 1259 1872 1302 casi

243 1322 334 1357 tres
357 1330 558 1358 meses...
586 1327 661 1357 22.
695 1317 815 1371 Aqui
841 1332 895 1360 en
920 1316 1133 1359 Coimbra
1154 1318 1302 1361 recebi
1327 1319 1455 1360 todas
1478 1319 1543 1361 las
1572 1319 1764 1362 ordenes
1794 1333 1874 1374 por

241 1374 446 1417 diuersas
471 1389 622 1417 vezes.
658 1387 732 1430 23.
767 1377 835 1418 Yo
860 1377 938 1430 fuy
968 1375 1165 1419 recibido
1193 1391 1249 1419 en
1288 1377 1569 1429 Salamanca,
1611 1393 1637 1432 y
1676 1393 1733 1420 en
1771 1392 1875 1421 aca-

242 1435 394 1476 bando
423 1435 477 1476 de
506 1435 641 1478 hazer
670 1435 736 1477 103
767 1435 1027 1486 6Χ61016103,
1054 1451 1126 1479 me
1148 1435 1378 1480 embiaron
1402 1441 1427 1478 a
1450 1436 1699 1488 Simancas,
1727 1437 1877 1481 donde

242 1494 425 1536 anduue
449 1509 505 1535 en
529 1493 699 1536 officios
722 1495 778 1538 de
801 1509 903 1537 casa
926 1495 967 1537 el
991 1494 1156 1550 tiempo
1179 1510 1267 1550 que
1290 1496 1375 1538 alla
1397 1504 1571 1539 estuve:
1603 1498 1658 1539 de
1688 1511 1743 1552 ay
1773 1496 1878 1539 vine

244 1567 351 1607 para
374 1552 602 1605 Coimbra,
629 1554 778 1597 donde
799 1556 856 1596 he
884 1555 1112 1597 ensenado
1141 1554 1335 1610 siempre
1363 1571 1420 1599 en
1449 1555 1651 1600 diuersas
1681 1557 1869 1600 classes.

240 1612 313 1669 ΙΙΙ,
343 1611 556 1670 395-3971
798 1673 804 1680 .
962 1673 969 1680 ,

340 1684 379 1714 1.
454 1667 602 1713 Vocor
631 1672 861 1728 Georgzus
887 1673 1096 1728 Crispus.
1131 1685 1176 1715 2.
1211 1674 1371 1716 Annos
1392 1681 1542 1724 natus,
1570 1681 1618 1716 ut
1644 1680 1768 1728 puto,
1791 1674 1866 1716 26.

245 1744 290 1785 3.
324 1730 520 1774 Natione
543 1746 802 1786 germanus,
837 1731 1066 1787 provincia
1094 1732 1335 1788 palatinus,
1375 1735 1463 1785 vel,
1505 1741 1553 1775 ut
1591 1733 1664 1775 alii
1697 1734 1873 1785 volunt,

243 1790 466 1842 nariscus,
494 1790 635 1845 patria
660 1791 1089 1835 thricerreitensis...
1130 1804 1198 1834 12.
1240 1794 1319 1834 Est
1341 1792 1434 1847 jam
1464 1807 1610 1835 annus
1639 1792 1873 1848 septimus,

245 1849 322 1905 qui
346 1850 645 1904 complebitur
667 1850 784 1892 intra
806 1865 1029 1894 mensem.
1063 1853 1290 1907 Receptus
1313 1867 1412 1894 sum
1436 1867 1461 1894 a
1484 1854 1598 1895 Rev.
1635 1855 1769 1896 Patre
1788 1853 1876 1894 La-

244 1923 365 1964 noyo
396 1908 440 1950 in
474 1909 660 1951 Austria
689 1909 733 1951 in
762 1910 954 1966 collegio
988 1910 1239 1963 viennensi,
1280 1918 1326 1953 et
1362 1913 1418 1954 ab
1456 1913 1613 1954 eodem
1648 1911 1878 1954 examina-

246 1976 375 2011 tus...
425 1981 494 2020 14.
544 1969 655 2012 Sum
694 1969 932 2012 diaconus.
982 1980 1051 2024 15.
1096 1970 1178 2013 Fui
1212 1970 1257 2012 in
1290 1970 1482 2026 collegio
1516 1971 1748 2014 viennensi
1789 1978 1879 2013 tres

245 2042 390 2071 annos
415 2042 517 2069 cum
541 2027 740 2081 dimidio;
767 2029 810 2070 in
835 2031 920 2071 hoc
944 2028 1105 2073 iterum
1132 2037 1221 2072 tres
1244 2043 1345 2071 cum
1365 2030 1602 2073 dimidiO...
1636 2042 1705 2083 17.
1743 2033 1880 2073 Prae-

247 2086 313 2129 fui
342 2086 527 2142 privatis
556 2087 724 2129 nostris
753 2088 998 2143 discipulis,
1030 2103 1143 2143 quos
1183 2089 1303 2131 domi
1341 2091 1575 2141 habemus,
1617 2089 1870 2133 biennium.

254 2147 325 2189 18.
360 2148 520 2189 Habeo
543 2154 647 2188 vota
672 2147 929 2191 Societatis.
973 2147 1137 2206 [Mag]
1173 2161 1212 2191 Ι.
1252 2150 1457 2192 Fuerunt
1479 2150 1534 2190 ad
1565 2150 1728 2192 festum
1760 2150 1881 2191 Pen—

247 2208 477 2249 thecostes
502 2213 592 2249 tres
615 2206 735 2259 anni,
763 2223 818 2250 ex
842 2222 931 2261 quo
952 2208 1106 2263 legere
1128 2208 1173 2249 in
1202 2208 1368 2250 scholis
1396 2208 1541 2263 coepi.
1582 2208 1694 2263 Legi
1724 2222 1881 2251 omnes

249 2273 399 2321 partes
424 2265 760 2319 grammaticae,
786 2266 1052 2309 rhetoricam
1077 2268 1131 2309 ad
1156 2267 1453 2320 Herennium,
1480 2268 1619 2309 libros
1641 2268 1697 2310 de
1728 2274 1877 2309 orato-

247 2340 313 2376 re,
341 2326 397 2366 ad
420 2325 643 2379 Quintum
668 2326 866 2377 fratrem,
900 2326 1171 2370 Partitiones
1200 2326 1432 2377 oratorias,
1458 2341 1559 2368 cum
1585 2327 1754 2381 aliquot
1783 2341 1878 2369 ora-

249 2384 448 2426 tionibus
472 2384 719 2436 Ciceronis,
746 2385 960 2429 Sallustio
980 2393 1024 2428 et
1042 2385 1225 2437 Ovidio,
1246 2387 1390 2429 donec
1407 2385 1484 2437 illi,
1507 2400 1619 2440 quos
1637 2385 1885 2429 instituem—

248 2444 331 2485 dos
354 2458 657 2499 susceperam,
685 2446 768 2486 hac
791 2451 961 2487 aestate
984 2446 1039 2487 ad
1063 2445 1290 2500 publicum
1313 2445 1512 2487 studium
1544 2452 1650 2487 sunt
1678 2444 1869 2487 dimissi.

250 2504 380 2558 Lego
404 2503 489 2545 iam
514 2503 558 2544 in
590 2502 652 2545 1.“¹
675 2505 817 2546 classe
840 2504 1074 2547 Somnium
1099 2504 1340 2560 Scipionis.
1379 2506 1445 2560 [IL
1472 2505 1686 2561 463-465]

347 2575 385 2604 1.
465 2563 694 2617 Georgius
722 2564 991 2618 PeraxylztS.
1025 2576 1070 2606 2.
1111 2577 1164 2606 22
1195 2578 1433 2606 annorum.
1475 2577 1518 2618 3.
1558 2564 1745 2607 Inferior
1775 2577 1881 2618 ger-

251 2636 428 2673 manus,
455 2621 766 2674 brabantinus,
792 2622 1188 2666 busciducensis...
1223 2635 1292 2665 12.
1327 2624 1444 2667 Sunt
1468 2634 1489 2677 5
1515 2623 1620 2665 anni
1639 2630 1715 2666 aut
1734 2623 1775 2673 6,
1797 2629 1884 2665 eta
1949 2612 1952 2648 ¹

251 2682 306 2723 R.
335 2683 390 2723 Ρ.
426 2682 660 2723 Leonardo
683 2697 781 2723 sum
805 2689 1012 2736 receptus
1031 2682 1300 2725 Coloniae...
1330 2695 1394 2735 14.
1417 2684 1519 2724 Non
1537 2697 1635 2724 sum
1655 2683 1881 2732 sacerdos,

250 2754 336 2782 nec
362 2741 501 2782 ullum
531 2740 887 2784 ecclesiasticum
916 2743 1063 2785 habeo
1091 2742 1314 2783 ordinem.
1359 2752 1427 2795 15.
1470 2743 1517 2783 In
1547 2741 1739 2796 collegio
1768 2741 1885 2782 colo·

252 2798 399 2842 016031
425 2810 446 2853 5
473 2814 630 2850 annos,
658 2800 924 2853 ingolstadii
953 2813 980 2853 4
1013 2815 1206 2853 menses,
1240 2800 1443 2844 Viennae
1472 2800 1536 2842 fui
1570 2813 1619 2857 19
1649 2800 1761 2849 dieS,
1795 2801 1887 2842 Ro-
1932 2824 1935 2826 -

251 2873 352 2900 mae
378 2871 400 2900 2
426 2873 586 2901 annos.
625 2859 759 2914 [Sele]
789 2873 828 2902 1.
858 2861 930 2902 Ab
947 2860 1132 2904 ineunte
1154 2866 1302 2903 aetate
1320 2859 1488 2911 studui,
1511 2867 1603 2901 tum
1624 2856 1885 2912 grammati-

252 2931 348 2963 cae,
382 2917 647 2968 rhetoricae,
681 2919 1005 2974 philosophiae,
1037 2926 1082 2962 et
1111 2919 1387 2974 theologiae.
1427 2920 1580 2973 Quum
1612 2918 1884 2961 Societatem

251 2976 487 3032 ingressus
505 2992 621 3029 sum,
642 2978 797 3020 studui
814 2993 970 3033 parum
989 2978 1255 3030 rhetoricae,
1276 2985 1378 3034 post
1412 2977 1719 3033 philosophiae
1751 2990 1774 3019 2
1803 2990 1886 3019 an-

1948 2791 1951 2818 l

1951 2915 1958 2980 Ξ.

1951 3011 1958 3048 l
