1958 3210
276 219 341 254 104
838 209 981 244 EpisT.
1006 209 1049 243 P.
1070 209 1339 243 NADAL-zlo

268 311 364 352 sno
388 325 466 365 per
489 308 637 351 auisar
661 309 717 350 V.
746 309 819 359 R.,
846 322 974 352 come
998 323 1076 364 per
1099 308 1380 364 negligentia
1402 308 1506 362 mia,
1532 315 1577 352 et
1605 322 1684 364 per
1706 309 1747 350 la
1772 309 1906 352 fretta
1943 299 1947 314 ⁵

271 387 343 428 del
372 385 536 440 partire
569 387 598 437 ¹,
631 384 673 426 io
700 398 791 426 non
820 385 1011 436 aduerti,
1044 385 1226 440 quando
1255 384 1285 426 il
1316 386 1462 428 Padre
1491 385 1714 428 comando
1743 385 1849 428 dare
1878 400 1904 428 a
1942 370 1947 380 ⁸

273 465 328 505 V.
351 464 398 505 R.
420 461 557 516 quelli
579 460 779 517 pachetti
796 461 967 516 coperti
984 461 1028 503 di
1046 468 1169 504 carta
1185 475 1394 516 peccora,
1419 462 1541 506 doue
1563 476 1674 504 sono
1690 462 1731 504 le
1749 461 1904 517 regole
1933 483 1936 486 >

270 547 315 582 et
338 538 483 581 ordini
521 540 603 580 che
642 539 736 582 Sua
769 539 910 580 Rev.a
935 538 1073 581 lascio
1103 553 1129 581 a
1166 539 1221 581 V.
1249 539 1323 589 R.,
1360 539 1433 580 ch’
1472 540 1632 582 dentro
1661 539 1704 580 d'
1738 552 1830 580 uno
1858 537 1904 580 di
1946 519 1947 523 Ἰ

268 615 407 671 quelli
429 615 472 657 io
493 616 673 657 haueua
694 628 842 658 messo
872 613 999 658 diece
1027 621 1208 658 monete
1232 615 1275 656 d'
1307 629 1402 668 oro,
1433 616 1517 657 che
1540 615 1677 657 fanno
1706 614 1824 658 circa
1849 627 1902 668 33
1948 670 1950 675 .

271 693 417 735 fiorini
437 692 711 744 brauantini,
738 700 782 736 et
806 691 1018 735 accioche
1042 706 1120 747 per
1137 706 1228 734 non
1251 694 1390 736 esser’
1411 694 1467 735 V.
1490 695 1543 736 R.
1566 691 1788 736 advertita
1812 705 1903 733 non
1950 748 1951 752 Ἰ

271 769 486 813 caschino
504 777 549 812 et
561 769 597 812 si
616 770 830 825 perdano,
852 771 910 811 ha
928 768 1134 812 ordinato
1153 768 1182 811 il
1201 770 1348 813 Padre
1365 771 1450 813 che
1467 768 1544 812 sili
1558 769 1707 812 scriua
1725 775 1901 823 questa,
1950 761 1952 782 ³

272 847 484 890 accioche
503 848 559 889 V.
583 849 635 889 R.
657 846 731 889 dia
748 847 871 890 dette
891 853 1071 889 monete
1089 847 1131 889 al
1150 848 1186 889 P
1195 858 1230 888 ‚e
1259 847 1507 890 Leonardo.
1532 848 1588 888 Et
1607 860 1697 888 non
1715 845 1905 889 essendo
1951 829 1953 851 ἶ

270 932 430 979 questa
452 939 531 980 per
554 925 684 975 altro,
712 924 806 966 faro
829 924 935 966 fine.
962 923 996 965 Il
1019 922 1215 978 Signore
1237 923 1362 965 Iddio
1391 922 1431 965 ci
1459 922 1532 965 dia
1555 937 1731 978 sempre
1759 922 1802 964 la
1824 936 1907 964 sua

273 1009 401 1045 santa
423 1001 586 1058 gratia,
607 1016 686 1056 per
709 1014 928 1044 conoscer
951 1015 1127 1056 sempre
1150 1015 1231 1043 sua
1259 1000 1414 1042 diuina
1449 1001 1634 1042 volonta
1664 1006 1709 1042 et
1737 999 1905 1055 perfet-

276 1086 474 1123 tamente
491 1078 740 1134 adimpirla.
763 1079 923 1121 Amen.
944 1079 1015 1120 Da
1033 1077 1334 1134 Achisgrana,
1357 1092 1382 1120 a
1399 1078 1443 1119 di
1467 1079 1494 1120 ὁ
1511 1077 1557 1119 di
1575 1078 1753 1133 Agosto
1778 1076 1903 1130 1562,

275 1171 335 1198 vn
353 1158 466 1199 hora
482 1157 600 1212 dopo
618 1169 772 1198 mezzo
790 1154 965 1211 giorno.
988 1157 1041 1198 D.
1063 1155 1114 1198 V.
1138 1156 1190 1197 R.
1212 1154 1411 1211 indegno
1430 1155 1632 1211 figliuolo
1648 1154 1693 1196 in
1711 1152 1907 1196 Christo.

284 1236 368 1276 Per
391 1232 658 1276 comissione
681 1233 753 1276 del
778 1234 858 1274 Re
885 1232 1062 1283 Natale,

1365 1309 1394 1366 †
1427 1310 1667 1351 XIMENES.

1039 1464 1153 1503 210

765 1547 1077 1593 JOANNES
1116 1548 1198 1582 DE
1236 1546 1423 1584 HOYA

829 1624 1035 1671 episcopus
1058 1624 1363 1670 osnabrugensis

607 1704 818 1746 PATRI
866 1703 1292 1746 HIERONYMO
1342 1703 1584 1744 NADAL

713 1787 1022 1822 FURSTENowu,
1051 1786 1095 1823 27
1123 1787 1306 1815 AUGUSTI
1334 1778 1421 1822 1562
1448 1781 1480 1812 ἓ.

276 1858 418 1892 Patris
436 1858 622 1902 Dionysii
636 1857 825 1903 petitioni
845 1868 993 1891 morem
1009 1867 1155 1903 gerens
1172 1857 1390 1902 episcopm,
1408 1868 1524 1890 suam
1550 1867 1650 1902 erga
1676 1855 1911 1890 Societatem

834 1915 1147 1950 benevolentiam
1173 1918 1355 1950 testatur.

362 2013 561 2068 Joannes
585 2012 641 2054 de
665 2012 813 2067 Hoya,
840 2010 925 2053 Dei
949 2010 1095 2066 gratia
1118 2009 1357 2066 episcopus
1380 2018 1425 2053 et
1453 2009 1662 2066 princeps
1691 2010 1914 2053 osnabru-

275 2136 415 2182 Supra,
436 2135 474 2170 in
493 2147 559 2170 ora
577 2135 764 2176 interiori,
782 2135 902 2181 ipsius
918 2135 1095 2180 Jimenez
1112 2133 1158 2177 (?)
1177 2146 1305 2169 manu:
1329 2136 1481 2180 Questa
1500 2136 1642 2170 lettera
1660 2135 1677 2169 ῥ
1693 2137 1768 2181 per
1786 2134 1818 2169 il
1836 2134 1915 2168 Pa-

277 2197 347 2230 dre
368 2195 595 2236 Euerardo,
616 2207 684 2229 ma
708 2195 726 2228 e}
745 2196 1008 2241 soprascritta
1033 2195 1075 2228 al
1100 2195 1235 2229 Padre
1258 2198 1436 2240 regente.
1468 2194 1593 2241 Supra
1619 2194 1726 2237 item,
1754 2194 1793 2228 in
1818 2204 1914 2227 mar-

274 2254 367 2300 gine
387 2254 584 2298 exteriori,
604 2254 679 2289 alia
698 2264 826 2288 manu:
847 2254 960 2297 1562.
990 2253 1013 2288 6
1038 2254 1233 2300 Augusti.
1265 2254 1468 2288 Ximenez.
1490 2254 1537 2288 P.
1568 2253 1789 2288 Everardus
1816 2253 1915 2287 Mer-

272 2314 456 2349 curianus
474 2313 724 2360 provincialis
744 2325 903 2348 munere
919 2313 1169 2358 fungebatur,
1190 2318 1229 2347 et
1244 2312 1283 2347 in
1301 2313 1468 2358 collegio
1487 2312 1703 2348 coloniensi
1728 2312 1912 2357 degebat,

278 2373 344 2408 ubi
364 2374 409 2408 P.
434 2373 658 2408 Leonardus
678 2374 817 2408 Kessel
839 2378 922 2407 erat
942 2372 1284 2418 superintendens,
1310 2373 1352 2406 P.
1380 2374 1551 2418 Joannes
1572 2372 1751 2415 Rethius,
1772 2382 1914 2417 regens

273 2433 558 2479 convictorum,
578 2434 621 2467 P.
643 2432 867 2468 Leonardus
884 2432 1081 2475 vinarius,
1103 2431 1292 2475 minister,
1310 2432 1352 2466 P.
1369 2432 1564 2467 Henricus
1579 2431 1809 2477 Dionysius,
1825 2442 1914 2465 con-

276 2493 452 2527 cionator
470 2492 509 2527 in
524 2504 675 2527 summo
691 2493 836 2538 templo
850 2497 890 2526 et
905 2491 1090 2538 syndicus
1103 2491 1334 2535 communis,
1346 2497 1386 2526 et
1401 2492 1446 2526 P.
1465 2490 1695 2526 Franciscus
1711 2490 1913 2534 Costerus,

275 2551 473 2597 professor
487 2551 708 2596 theologiae
728 2557 767 2586 et
786 2551 972 2596 magister
990 2550 1239 2586 novitiorum.
1251 2549 1312 2585 Cf.
1329 2551 1522 2596 HANSEN,
1540 2550 1771 2585 Rlzeinische
1785 2549 1914 2583 Aleten

278 2623 351 2645 zur
375 2610 600 2646 Gesclzichte
616 2613 682 2646 des
691 2611 1035 2657 jesuitenordens,
1052 2610 1276 2654 1542-1582‚
1304 2621 1392 2655 pag.
1414 2609 1586 2655 778-7807
1606 2608 1673 2644 ubi
1695 2609 1915 2653 catalogum

279 2669 473 2705 sociorum
508 2670 710 2715 Coloniae,
753 2681 854 2704 anno
890 2669 979 2714 1562
1009 2668 1352 2714 commorantium,
1381 2668 1695 2714 officiorumque,
1727 2679 1777 2702 ex
1803 2666 1915 2701 codd.

280 2729 396 2764 variis
420 2729 692 2776 depromptum
718 2729 891 2764 exhibet.
917 2728 1020 2763 Socii
1040 2728 1284 2763 colonienses
1303 2729 1376 2762 hoc
1400 2739 1501 2763 anno
1520 2736 1564 2772 52
1591 2727 1912 2762 numerabantur.

351 2791 360 2809 ¹
413 2789 576 2824 Colonia
594 2789 657 2824 die
672 2798 691 2833 5
725 2789 897 2835 Augusti
927 2788 1109 2823 discessit
1140 2789 1183 2822 P.
1218 2788 1339 2822 Nadal
1370 2800 1459 2823 curn
1491 2799 1560 2822 suo
1592 2787 1698 2822 socio
1724 2786 1916 2831 Jimenez,

278 2852 483 2894 postquam
502 2853 582 2883 tres
602 2848 774 2894 integras
791 2847 1054 2883 hebdomadas
1074 2847 1113 2882 in
1137 2846 1351 2882 coloniensi
1375 2847 1542 2892 collegio
1567 2844 1773 2881 invisendo
1799 2849 1838 2879 et
1862 2854 1920 2877 or-

276 2906 447 2941 dinando
463 2907 734 2954 impendisset.
758 2906 858 2942 Vide
877 2906 992 2953 epist.
1010 2915 1077 2951 205
1095 2918 1184 2941 cum
1203 2912 1351 2950 annot.,
1372 2912 1412 2941 et
1430 2905 1699 2953 appendicem,
1726 2916 1767 2938 n.
1793 2903 1863 2938 IX.

351 2970 364 2987 ²
416 2968 474 3001 Ex
492 2968 721 3013 archetyp0‚
742 2967 781 3001 in
809 2966 906 3002 Cod.
939 2976 1002 3011 29,
1030 2967 1083 3011 b),
1115 2965 1308 3001 German.
1336 2966 1482 3012 Epist„
1504 2965 1619 3000 unico
1637 2964 1704 2999 fol.
1729 2962 1774 2997 30
1804 2961 1920 3006 (389).

281 3024 373 3060 Sola
392 3025 629 3071 subscriptio
648 3031 708 3060 est
727 3024 900 3071 episcopi
920 3036 1035 3059 manu
1054 3030 1229 3058 exarata.
