1958 3210
263 189 333 234 556
883 187 1006 221 EprsT
1015 212 1024 221 .
1057 186 1100 221 P.
1130 187 1281 223 NADAL

262 304 545 346 graecarum,
591 295 636 331 et
673 287 1011 342 disciplinarum
1054 288 1473 332 mathematicarum
1515 297 1561 332 et
1597 290 1889 336 medicarum.

262 351 305 392 6.
346 350 420 392 Ab
452 346 709 391 obedientia
745 347 801 389 ad
833 347 1115 389 doctoratum
1139 355 1375 402 promotus
1399 348 1476 391 fui.
1507 349 1672 407 [Mag]
1704 363 1739 392 Ι.
1766 352 1893 406 Lego

262 408 308 451 in
337 407 631 450 vniuersitate
660 413 869 461 quartum
905 406 1284 449 sententiarum...
1318 407 1547 463 Superiori
1585 415 1736 452 autem
1773 425 1892 453 anno

262 482 364 510 cum
405 467 498 510 fere
528 465 694 509 fuerint
732 465 777 507 in
806 464 1101 508 vniuersitate
1128 465 1372 508 lectionum
1410 466 1778 521 intermissiones,
1818 469 1890 512 hic

261 526 351 582 legi
377 537 480 568 Lam
510 532 682 581 partem
702 526 747 569 S.
772 526 1028 566 Thomae...
1053 538 1092 578 3.
1114 524 1371 592 Discipulos
1388 526 1588 582 quinque
1605 528 1766 579 habeo,
1788 542 1889 570 eos-

263 600 350 640 que
388 591 581 636 nostros,
617 598 720 626 curn
753 583 826 625 hic
857 584 975 639 lego.
1013 585 1062 625 In
1094 583 1387 628 vniuersitate
1418 585 1488 628 his
1519 585 1679 629 diebus
1711 586 1890 630 videtur

261 659 379 687 Vnus
402 658 717 700 perseuerasse
739 643 784 684 in
808 643 1000 686 lectione
1027 643 1263 695 matutina,
1294 644 1403 687 alias
1431 645 1583 687 nullus
1614 652 1697 697 est,
1724 646 1800 701 qui
1833 647 1891 689 sit

262 704 516 747 ordinarius
539 703 735 755 auditor,
761 701 845 744 nisi
874 702 1023 744 socius
1052 717 1195 746 meus.
1228 701 1429 762 [1[,698]

358 776 398 806 I.
471 763 571 805 Hea
574 777 774 804 mannus
797 762 994 804 Molitoq.
1022 774 1063 804 2.
1091 764 1228 805 Putat
1250 777 1297 805 se
1320 778 1539 806 annorum
1563 775 1633 806 20.
1658 777 1697 818 3.
1721 765 1890 807 Treve-

263 822 406 866 rensis
444 821 636 864 diocesis
673 822 758 864 sub
795 820 996 876 principe
1036 821 1321 877 Orangiae...
1370 834 1434 864 12.
1478 822 1646 866 Ultima
1689 823 1892 879 Augusti

261 897 381 925 anno
411 882 521 936 1566
543 888 753 936 receptus
775 888 843 923 est
867 880 1076 924 Treveris
1098 881 1327 936 provincie
1350 881 1511 934 Rheni3
1539 881 1681 924 nescit
1704 897 1761 924 an
1792 883 1892 925 fue-

261 941 317 984 rit
339 941 670 984 examinatus...
705 953 769 993 14.
798 941 954 982 Non...
983 938 1246 996 [Coadjutor
1275 941 1564 997 temporalis].
1602 952 1665 996 15.
1695 943 1892 985 Tantum

259 1001 306 1043 in
330 1000 528 1044 Treviris
550 999 783 1042 habitavit.
812 998 904 1055 [IV,
939 999 1033 1056 184]

359 1074 394 1103 1.
462 1060 658 1102 Hermes
681 1059 944 1114 Halpczwer.
980 1071 1020 1101 2.
1054 1059 1213 1101 Annos
1245 1070 1316 1113 27.
1360 1073 1399 1113 3.
1441 1060 1698 1103 Germanus
1729 1059 1890 1104 Cerin-

262 1120 398 1171 thiae,
424 1119 578 1163 Sancti
602 1118 750 1162 Viti...
784 1130 848 1160 12.
877 1119 1014 1160 Anno
1046 1128 1099 1172 52
1129 1133 1154 1160 a
1183 1119 1295 1161 Rdo.
1332 1121 1384 1161 P.
1418 1118 1683 1174 prouinciali
1714 1119 1760 1161 in
1789 1121 1888 1162 Au-

261 1179 384 1231 stria,
411 1178 645 1222 viennensi
673 1177 880 1233 collegio,
913 1178 991 1220 sed
1021 1179 1189 1221 Romae
1213 1177 1276 1219 fui
1305 1178 1640 1222 examinatus...
1680 1190 1745 1232 14.
1778 1179 1888 1223 Sum

260 1239 484 1282 sacerdos,
519 1248 584 1292 15.
611 1239 661 1280 In
683 1236 946 1288 wiennensi,
973 1251 1175 1292 posnano
1197 1244 1241 1279 et
1264 1237 1621 1292 ingolstadiensi.
1654 1238 1716 1280 16.
1748 1239 1888 1281 Exer—

259 1298 365 1341 citia
388 1297 636 1353 spiritualia
659 1296 745 1340 seci
768 1298 953 1340 Romae.
984 1296 1117 1352 [Sele]
1159 1309 1194 1339 Ι.
1227 1298 1269 1339 Α
1301 1297 1467 1340 teneris
1495 1296 1624 1339 annis
1651 1297 1890 1340 humanio-

260 1358 401 1408 ribus,
416 1357 581 1409 latinis,
597 1364 642 1400 et
659 1355 850 1412 graecis,
871 1355 1208 1411 philosophicis,
1227 1356 1549 1412 theologicis...
1570 1357 1612 1398 6.
1634 1356 1744 1400 Sum
1763 1371 1890 1400 crea—

260 1424 334 1460 tus
357 1416 573 1473 magister
596 1414 859 1472 Ingolstadii
882 1415 927 1457 in
951 1415 1123 1458 artibus
1151 1422 1196 1459 et
1224 1417 1551 1459 bachalaureus
1573 1415 1620 1457 in
1642 1416 1886 1472 theologia.

259 1476 328 1534 [IL
356 1477 457 1533 694,
484 1476 601 1533 696]-

356 1549 390 1579 1.
459 1534 714 1577 Hernando
751 1535 803 1576 de
840 1535 1053 1576 Alcaraz.
1097 1546 1138 1576 2.
1181 1546 1236 1590 29
1274 1540 1387 1577 afios
1429 1549 1458 1590 y
1494 1534 1686 1590 algunos
1725 1549 1885 1578 meses.

261 1609 300 1650 3.
330 1598 399 1639 De
423 1595 608 1638 Castilla
630 1595 672 1636 la
694 1608 860 1646 nueua,
887 1593 1180 1649 arcobispado
1206 1594 1262 1636 de
1291 1594 1477 1645 Toledo,
1508 1594 1685 1636 natural
1715 1594 1770 1636 de
1801 1607 1889 1637 una

258 1656 387 1698 aldea
409 1669 497 1710 que
519 1669 568 1698 se
590 1655 722 1696 llama
745 1654 1046 1696 Naualafuz...
1081 1654 1145 1696 16.
1181 1654 1232 1695 El
1261 1668 1355 1696 mes
1378 1654 1434 1696 de
1456 1652 1586 1695 Abril
1609 1667 1697 1707 que
1713 1653 1844 1696 viene
1862 1658 1887 1696 a

258 1716 328 1757 los
357 1722 478 1757 treze
507 1715 603 1756 dias
631 1714 812 1779 cumplo
841 1720 1000 1767 quatro
1033 1727 1144 1755 anos
1177 1728 1233 1756 en
1270 1713 1313 1755 la
1345 1713 1627 1768 Compafiia..
1640 1746 1647 1754 .
1680 1724 1756 1754 22.
1795 1714 1885 1755 To—

257 1776 374 1817 dos..
386 1787 491 1828 ..23
520 1775 588 1816 De
618 1772 790 1815 asiento
819 1788 875 1815 en
905 1773 1062 1815 Alcala
1090 1787 1119 1827 y
1149 1771 1399 1825 Simancas;
1430 1787 1459 1828 y
1488 1787 1544 1815 en
1574 1771 1825 1814 Valladolid
1856 1787 1886 1828 y

258 1836 454 1890 Burgos,
481 1832 677 1883 Medina,
699 1822 850 1884 Auila,
873 1833 1047 1884 Ocana,
1069 1832 1255 1882 Toledo,
1277 1838 1363 1874 etc.
1384 1832 1441 1873 de
1458 1845 1603 1886 passo:
1624 1845 1680 1873 en
1699 1832 1884 1874 Cuenca

257 1901 390 1937 stuve
428 1892 627 1935 tambien
664 1893 857 1948 algunos
895 1906 1055 1943 meses,
1096 1906 1124 1946 y
1161 1905 1216 1933 en
1256 1892 1537 1942 Salamanca,
1573 1891 1721 1933 donde
1754 1898 1884 1946 estoy

257 1967 378 2005 aora,
404 1954 462 1995 he
485 1952 641 1996 estado
664 1956 759 1994 mas
781 1952 836 1993 de
859 1950 1054 1994 assiento
1077 1965 1166 2005 que
1187 1966 1243 1994 en
1267 1951 1395 1993 todas
1417 1951 1482 1992 las
1504 1951 1657 1994 demas
1676 1956 1880 2005 partes...

257 2024 329 2069 29.
356 2013 398 2055 A
421 2012 487 2054 las
510 2010 659 2053 Indias
682 2018 821 2066 tengo
844 2010 912 2052 sin
936 2009 1247 2066 comparacion
1270 2024 1425 2065 mayor
1447 2009 1714 2052 inclinacion
1744 2023 1832 2064 que
1859 2014 1885 2053 a

253 2080 351 2115 otra
374 2071 559 2113 mission
582 2070 803 2126 ninguna,
829 2085 857 2125 y
880 2076 977 2112 esto
1001 2074 1026 2112 a
1047 2070 1112 2112 las
1136 2070 1191 2112 de
1216 2070 1438 2125 Portugal
1460 2072 1487 2112 ό
1510 2069 1672 2122 China,
1698 2076 1805 2121 etc.,
1826 2084 1884 2112 no

252 2146 334 2186 por
355 2139 453 2174 otra
476 2134 627 2183 razon,
654 2144 741 2184 que
764 2144 844 2185 por
867 2129 1078 2173 concebir
1101 2143 1189 2184 que
1212 2133 1321 2171 aura
1343 2130 1428 2171 alla
1450 2132 1547 2171 mas
1570 2128 1767 2183 trabajos
1795 2142 1884 2183 que

251 2205 308 2233 en
333 2198 432 2233 otra
455 2197 597 2246 parte3
623 2204 651 2244 y
674 2192 761 2232 assi
785 2202 891 2232 creo
915 2203 1019 2243 que,
1045 2188 1349 2232 entendiendo
1372 2202 1461 2243 que
1482 2189 1550 2230 los
1579 2191 1703 2230 auria
1726 2202 1881 2242 mayo-

251 2264 322 2292 res
345 2265 402 2294 en
425 2257 538 2301 otra,
565 2264 637 2292 me
658 2248 891 2291 inclinaria
914 2252 1008 2290 mas
1030 2252 1055 2290 a
1079 2248 1179 2299 ella3
1205 2249 1261 2290 de
1283 2249 1326 2290 lo
1349 2262 1438 2302 que
1468 2262 1523 2302 ay
1553 2246 1796 2302 particular
1824 2261 1880 2289 en
1931 2300 1933 2302 q

250 2316 363 2361 estc,
390 2310 496 2352 dare
520 2315 687 2364 quenta
710 2308 890 2363 quando
913 2322 960 2350 se
983 2322 1054 2350 me
1072 2307 1188 2362 pida
1213 2308 1418 2350 AlcaraZ.
1439 2305 1556 2364 [Sclz.
1563 2306 1612 2364 ]..
1625 2307 1696 2349 6.
1719 2307 1880 2362 Tengo

249 2371 290 2412 el
312 2370 368 2413 de
391 2375 585 2412 maestro
608 2383 665 2410 en
687 2375 806 2411 artes
830 2382 857 2421 y
879 2368 934 2410 de
957 2366 1172 2410 bachiller
1194 2381 1250 2409 en
1277 2367 1516 2421 theologia.
1543 2365 1612 2422 [II‚
1639 2364 1740 2424 635]

344 2441 379 2471 Ι.
446 2429 756 2483 Hieronymus
802 2428 984 2468 Tomfes.
1030 2439 1070 2468 2.
1113 2425 1304 2469 Circiter
1341 2425 1526 2482 triginta
1563 2431 1607 2468 et
1637 2439 1776 2466 vnum
1805 2425 1877 2468 vel

246 2488 378 2530 duos.
415 2500 454 2541 3.
489 2487 721 2542 Hispanus
752 2485 820 2539 4.ο
853 2485 1040 2528 miliario
1073 2486 1129 2528 ab
1165 2486 1275 2528 vrbe
1314 2484 1634 2535 tarraconensi,
1667 2484 1751 2527 sub
1781 2483 1878 2527 eius

245 2546 456 2591 dioecesi.
490 2559 556 2589 12.
584 2548 698 2590 Fere
721 2553 824 2588 ante
841 2545 1048 2588 vndecim
1068 2559 1210 2587 annos
1228 2544 1464 2588 Valentiae
1482 2560 1507 2587 a
1527 2546 1578 2586 P.
1601 2543 1878 2597 Hieronymo

244 2607 525 2657 Domenech,
554 2613 727 2649 rectore
751 2612 860 2647 tunc
883 2604 1078 2660 collegii,
1100 2611 1145 2648 et
1163 2603 1315 2646 statim
1335 2603 1498 2646 missus
1516 2618 1615 2645 sum
1633 2602 1874 2646 Gandiam:

243 2665 304 2707 ibi
329 2680 485 2720 parum
509 2665 554 2707 in
577 2664 735 2707 officiis
756 2663 1018 2706 humilibus.
1045 2670 1090 2706 et
1112 2663 1368 2707 dicentibus
1392 2662 1500 2704 mihi
1525 2677 1582 2705 an
1601 2661 1762 2704 fuerim
1782 2676 1876 2704 mo-

243 2727 433 2776 nachus,
459 2724 686 2780 respondi,
713 2731 763 2766 ut
786 2738 857 2766 res
880 2730 990 2776 erat,
1018 2737 1089 2766 me
1112 2737 1201 2765 non
1226 2722 1388 2766 fuisse:
1421 2721 1530 2764 alias
1559 2721 1879 2777 interrogatio-

243 2799 324 2827 nes
354 2799 444 2826 non
476 2784 695 2828 fecerunt.
745 2796 811 2849 14
844 2782 1119 2827 Sacerdos...
1160 2792 1225 2836 15
1259 2783 1308 2824 In
1341 2780 1534 2836 collegio
1563 2780 1800 2835 orandiensi
1833 2779 1878 2822 in

242 2843 465 2910 Hispania
488 2850 532 2887 et
555 2857 754 2909 romano:
781 2842 827 2884 in
850 2841 1032 2896 reliquis
1055 2848 1105 2883 ut
1127 2840 1285 2883 viator.
1306 2840 1413 2883 Feci
1435 2839 1649 2884 exercitia
1665 2839 1877 2894 spiritua·

240 2902 298 2945 lia
321 2910 425 2946 ante
449 2902 704 2958 ingressum
728 2901 774 2943 in
796 2902 1087 2954 Societatem3
1113 2908 1269 2956 postea
1291 2914 1574 2955 numquam..
1638 2899 1702 2941 16.
1742 2900 1874 2941 Post-

238 2976 373 3016 quam
398 2962 494 3004 fui
483 2977 528 3004 in
553 2962 779 3006 Societate
796 2968 1017 3012 versatus,
1041 2961 1133 3004 fere
1151 2966 1245 3002 toto
1264 2966 1464 3015 tempore
1486 2973 1585 3001 sum
1607 2957 1653 3000 in
1669 2958 1872 3001 docenda
