1958 3210
269 206 338 251 428
831 206 968 246 EPIST.
997 204 1040 238 P.
1069 204 1340 249 NADAL—325

267 324 405 352 eausa
433 308 597 363 perche
625 321 717 349 non
748 307 825 348 uol
856 306 1044 348 mandar
1074 305 1179 348 tutti
1208 306 1360 360 quelli:
1393 310 1493 350 sare}
1522 308 1642 351 forsa
1671 322 1750 364 per
1781 317 1908 354 tener

270 386 461 441 qualche
482 390 680 439 respetto
703 384 744 425 al
767 382 983 438 capitulo,
1011 391 1054 427 et
1078 384 1245 438 perche
1267 383 1418 427 alcuni
1440 384 1541 426 libri
1570 400 1661 428 non
1690 400 1802 429 sono
1831 402 1911 443 per

270 462 344 505 noi
377 460 635 504 necessarii.
670 461 726 504 V.
760 462 814 503 R.
848 462 979 515 potr&
1007 459 1188 502 ordinat
1217 459 1255 502 si
1284 461 1427 503 faccia
1453 462 1577 505 detta
1605 461 1720 506 lista.
1755 464 1910 507 Senon

270 553 420 582 uanno
444 538 490 580 in
514 538 701 594 Spagna
729 537 760 579 li
789 536 948 593 figlioli
971 537 1044 580 del
1074 551 1122 580 re
1149 537 1205 579 de
1235 537 1425 590 romani,
1459 539 1579 581 forsa
1608 540 1816 583 uenendo
1845 541 1910 584 lui

270 617 388 659 nella
425 631 507 658 sua
535 614 721 668 diocesi,
755 614 945 671 giouard
974 628 1063 657 eon
1092 629 1174 658 sua
1203 615 1431 670 presentia
1459 615 1489 658 11
1518 616 1712 673 collegio
1742 618 1798 660 de
1825 618 1908 661 Di-

269 693 410 749 linga.

359 771 452 827 Qui
483 785 539 813 ua
567 785 659 813 una
687 769 789 812 lista
817 769 922 813 delli
957 769 1201 822 fundatori,
1243 772 1442 814 secondo
1475 773 1561 815 6116
1593 786 1683 826 qua
1714 771 1759 814 di
1788 787 1911 816 nouo

269 849 306 891 si
335 850 361 892 6
390 849 516 891 satta.
550 849 607 891 V.
642 849 695 890 R.
731 849 859 903 potr&
888 846 1085 889 ordinar’
1116 846 1154 889 si
1183 847 1344 890 dieano
1382 849 1424 892 16
1452 863 1599 892 messe
1636 856 1682 892 et
1719 849 1913 893 orationi

268 942 349 983 per
378 925 514 981 quelli
547 924 778 968 fundatori
807 925 874 966 fra
902 923 932 966 li
961 924 1103 966 notati
1134 924 1181 966 in
1209 925 1333 968 detta
1361 925 1464 968 lista
1491 927 1575 969 6116
1603 926 1634 968 11
1662 941 1912 982 pareranno

269 1019 361 1046 non
389 1005 531 1046 hauer
558 1002 793 1055 difficult2'13
827 1009 888 1054 et,
920 1016 968 1044 se
1001 1003 1170 1045 hauerd
1193 1002 1412 1046 difficulta
1434 1003 1554 1046 eirea
1585 1005 1737 1047 alcuni
1759 1004 1907 1060 punti,

269 1081 418 1124 serina
453 1080 484 1122 il
522 1094 607 1122 suo
646 1094 804 1136 parere
833 1079 953 1122 circa
981 1079 1135 1134 quelli,
1167 1095 1193 1122 o
1221 1081 1266 1123 lo
1296 1080 1417 1124 dirra
1444 1082 1500 1125 de
1528 1082 1681 1137 parola
1710 1082 1796 1125 alla
1829 1097 1910 1126 sua

269 1159 499 1202 ritornata.

358 1235 491 1279 Circa
518 1236 574 1295 la>
600 1233 838 1277 fundation
874 1235 948 1276 del
981 1234 1176 1290 collegio
1214 1236 1271 1279 de
1308 1237 1467 1290 Roma,
1500 1237 1603 1291 quel
1640 1238 1723 1279 6116
1761 1237 1909 1293 potrei

269 1314 365 1357 dire
392 1314 436 1356 lo
475 1312 643 1356 uedere'i
681 1313 737 1355 V.
772 1313 825 1354 R.
859 1326 939 1367 per
968 1312 1010 1355 16
1037 1312 1196 1354 lettere
1219 1314 1302 1356 6116
1335 1313 1411 1369 qui
1444 1312 1481 1355 si
1511 1314 1750 1356 mandatio.
1777 1316 1906 1358 Man-

267 1392 327 1434 do
349 1393 493 1434 anehe
519 1404 579 1432 un
602 1388 861 1432 memoriale
884 1389 955 1431 del
979 1388 1068 1432 M.⁰
1092 1389 1347 1444 Ludouico,
1380 1390 1504 1433 aecio
1526 1390 1561 1434 si
1587 1391 1758 1447 compri
1781 1392 1910 1447 quel—

268 1471 312 1512 lo
334 1471 418 1512 che
441 1469 498 1511 V.
527 1469 580 1510 R.
609 1467 791 1520 uedera,
818 1481 897 1522 per
921 1481 1002 1509 uso
1025 1468 1081 1510 de
1114 1468 1171 1510 N.
1211 1469 1257 1510 Ρ.
1295 1469 1380 1511 alla
1413 1483 1496 1511 sua
1520 1475 1696 1512 tornata
1728 1468 1774 1511 in
1803 1483 1907 1524 qua.

270 1549 409 1591 Resta
436 1546 531 1589 solo
554 1546 638 1587 6116
662 1545 718 1587 N.
755 1545 808 1586 P.
842 1544 1069 1600 preposito
1098 1552 1185 1588 ete.
1222 1547 1292 1589 De
1322 1547 1507 1598 Trento,
1542 1546 1572 1588 li
1603 1557 1657 1601 25
1688 1547 1744 1590 de
1767 1547 1911 1590 Octo-

271 1625 350 1667 bre
379 1624 505 1678 1563.

1027 1794 1154 1833 326

597 1899 664 1940 Ρ.
717 1897 1265 1941 HIERONYMUS
1313 1899 1592 1943 NADAL

782 2004 941 2038 PATRI
969 2003 1175 2049 JACOBO
1203 2005 1397 2040 LAINEZ

710 2108 926 2144 D1L1NGAE,
955 2099 1000 2134 28
1026 2097 1072 2143 (?)
1098 2108 1300 2136 OCTOBRIS
1331 2100 1422 2145 1563
1453 2104 1475 2137 ¹.

270 2197 329 2231 De
347 2195 534 2231 Conrado
550 2195 787 2242 vaagerio,
808 2194 973 2229 Nicolao
994 2195 1191 2237 Ser-vatio,
1206 2196 1368 2242 Joamze
1388 2198 1607 2240 Piscatore,
1632 2197 1828 2245 Gaspare,
1840 2200 1911 2246 Jo-

339 2257 455 2302 sepho
479 2255 624 2296 siculo,
648 2255 811 2301 joanne
843 2255 995 2296 Dirsio,
1028 2256 1211 2291 eta-De
1234 2255 1392 2302 fratris
1420 2257 1553 2293 Affarci
1575 2258 1696 2300 obitu,
1722 2259 1907 2305 aliisque,

340 2316 481 2362 quibus
499 2316 543 2350 in
560 2315 729 2362 epistola
750 2324 819 2359 330
838 2315 1116 2361 respondetur.

359 2401 433 2442 Ad
454 2414 536 2442 nos
559 2399 666 2441 haec
687 2399 872 2454 epistola
900 2399 1090 2441 minime
1112 2401 1336 2454 perveni&
1359 2400 1459 2457 ejus
1489 2405 1638 2444 autem
1668 2403 1834 2445 mentio
1847 2404 1908 2459 fit

272 2480 321 2520 in
345 2478 507 2519 litteris
530 2477 724 2519 Polancz'
746 2476 805 2518 ad
830 2477 1041 2518 Natalem
1064 2477 1136 2518 die
1160 2487 1185 2530 7
1210 2478 1481 2521 Novembris
1506 2481 1620 2533 1563
1638 2480 1770 2533 datis,
1789 2494 1836 2522 n.
1861 2491 1902 2523 Ι.

270 2556 632 2611 Argumentum,
662 2568 740 2596 seu
762 2554 915 2608 potius
944 2557 1223 2609 argmnenta
1251 2556 1386 2597 varia
1421 2556 1471 2597 in
1504 2556 1584 2598 illa
1609 2560 1906 2611 pertractata,

271 2636 365 2675 tum
389 2646 444 2674 ex
466 2632 609 2673 dictae
631 2617 839 2687 epistolae
857 2632 1087 2686 responsis
1112 2632 1273 2674 Natali
1289 2633 1421 2685 datis,
1440 2637 1534 2675 tum
1552 2647 1608 2687 ex
1623 2634 1908 2689 sequentibus
1933 2632 1936 2635 ’

264 2708 587 2765 paragraphis
610 2709 804 2750 Polancz·
832 2708 892 2750 ad
920 2707 1208 2750 Madaridium
1241 2723 1269 2764 9
1299 2710 1570 2752 Novembris
1597 2712 1783 2767 scriptis
1806 2712 1909 2754 erui

264 2789 494 2842 poterunt.
521 2787 600 2828 Ait
621 2786 743 2828 enim
762 2785 1008 2827 Polancus:
1029 2787 1243 2828 «Reciuib
1260 2790 1444 2829 nuestro
1461 2788 1620 2831 Padre
1637 2789 1679 2831 Ζα
1697 2789 1750 2830 de
1776 2789 1825 2831 V.
1847 2789 1906 2832 R.

271 2864 324 2905 de
348 2874 403 2917 30
424 2864 494 2905 del
509 2863 722 2918 passado,
742 2877 770 2918 y
793 2863 838 2904 la
860 2862 1058 2904 diuiszbn
1084 2877 1167 2918 que
1189 2863 1320 2906 desea
1342 2865 1474 2907 saber
1505 2866 1553 2908 V.
1580 2867 1639 2908 R.
1665 2866 1718 2908 de
1739 2866 1805 2909 los
1825 2879 1910 2922 que

345 3032 354 3051 ¹
407 3030 464 3064 Ex
483 3029 649 3076 epistola
667 3027 753 3075 330,
773 3042 811 3064 n.
836 3038 867 3073 13
888 3034 928 3064 et
947 3041 995 3064 ex
1017 3028 1112 3064 Cod.
1134 3031 1256 3072 PLB,
1277 3031 1350 3067 loc.
1372 3031 1471 3067 infra
1489 3031 1556 3068 cit.
