1958 3210
765 162 985 196 APPENDIX
1617 166 1687 211 669

56 273 156 301 esse
180 266 300 301 tanta
325 261 616 316 blasphemia,
642 262 782 304 maior
810 270 858 304 vt
886 263 971 305 alia
995 265 1182 319 proferri
1213 265 1288 307 vix
1316 264 1475 320 possit.
1515 265 1685 308 Omnia

50 321 236 372 possum
258 319 309 361 'in
332 333 392 372 eo,
416 321 494 375 qui
515 335 585 363 me
607 323 834 378 confortat
856 324 883 374 ¹,
904 322 1011 365 dicit
1036 325 1224 367 Paulus.
1264 324 1434 367 Omnia
1450 326 1685 379 possibilia.

58 380 163 418 sunt
185 378 383 420 credenti
405 380 434 430 ²,
457 379 565 422 dicit
587 381 810 424 Christus.
838 381 929 436 Qui
953 390 1058 424 sunt
1080 397 1192 439 ergo
1213 383 1303 435 alii,
1325 383 1401 437 qui
1418 398 1683 438 persuasum

58 436 225 478 habent
248 437 449 480 homines
478 439 708 483 continere
736 454 824 482 non
849 455 1004 495 posse,
1037 456 1170 497 quam
1202 442 1277 497 qui
1307 457 1397 484 non
1426 443 1617 486 credunt
1639 444 1684 486 in

59 494 306 548 Christum,
332 496 408 550 qui
431 512 520 539 non
552 499 743 541 credunt
775 514 877 542 eum
907 514 1039 554 posse
1071 501 1224 556 largiri
1253 503 1422 544 donum
1446 502 1683 546 continen—

59 552 146 597 tiae
168 553 413 610 singulare,
439 556 484 597 id
507 572 532 598 a
554 571 603 600 se
625 571 727 599 cum
745 572 851 600 vera
870 559 959 600 fide
976 560 1254 614 petentibus?
1273 562 1372 616 Ego
1392 575 1571 616 quoque
1589 577 1684 605 ma·

0 654 2 657 ,
55 625 198 666 gnum
222 614 471 656 cruciatum
495 630 550 658 ex
572 631 625 658 eo
648 616 790 672 capio,
818 618 938 672 quod
960 633 1067 669 non,
1094 620 1248 673 quales
1277 634 1505 675 cuperem,
1532 635 1681 663 sacer—

54 670 182 714 dotes
204 673 370 716 habeo.
406 674 628 717 Proximis
659 676 964 730 superioribus
986 676 1147 721 diebus
1169 678 1469 721 visitationem
1489 678 1678 731 institui,

0 764 3 768 .
54 730 194 772 multa
227 732 449 786 cognoui,
484 748 600 787 quae
638 749 787 777 meum
822 735 1021 778 animum
1055 739 1347 782 vehementer
1373 739 1678 792 perculerunt.

0 823 2 826 .
51 789 277 833 Dominus
298 793 579 846 praecandus
601 801 685 845 est,
717 802 766 835 vt
795 795 1020 849 operarios
1053 795 1216 851 dignos
1246 796 1393 840 mittat
1421 796 1467 839 in
1491 813 1680 841 messem

0 855 2 902 J
51 861 178 890 suam
202 850 233 900 ⁵,
260 851 381 904 quod
405 851 564 894 vestris
582 852 715 894 etiam
734 853 969 908 praecibus
987 856 1197 898 effectum
1216 855 1268 898 iri
1287 855 1393 898 mihi
1412 857 1678 912 persuadeo.

0 950 4 953 ,
52 907 174 967 Opto
197 909 250 950 R.
278 911 329 951 D.
357 911 412 952 V.
435 910 513 953 diu
530 925 628 954 esse
646 911 933 964 incolumem,
956 913 1084 956 cuius
1103 929 1174 958 me
1196 914 1427 969 sacrificijs
1450 922 1494 957 et
1516 915 1682 958 oratio-

0 1001 3 1016 .
50 965 184 1008 nibus
205 970 490 1012 commendo.
523 972 692 1012 Datum
717 986 772 1014 ex
795 980 942 1014 castro
966 980 1119 1016 nostro
1143 975 1402 1030 Heilsberg,
1435 974 1507 1018 die
1530 990 1557 1031 9
1580 976 1679 1018 Au-

0 1035 3 1073 ζ·
50 1025 189 1080 gusti.
216 1027 273 1069 A.
302 1029 355 1070 D.
382 1043 430 1071 M.
457 1043 502 1072 D.
530 1044 635 1072 LXV.
661 1031 817 1072 Frater
838 1030 885 1073 in
908 1031 1104 1083 Christo,
1386 1066 1390 1069 Α

587 1089 904 1141 STANISLAUS,
941 1104 1226 1134 CARDINALIS
1252 1106 1555 1135 VARMIENSIS.

0 1189 6 1199 r
138 1144 381 1200 Inscriptio
403 1147 452 1188 in
476 1152 639 1201 quarta
663 1149 860 1204 pagina:
883 1149 996 1191 Rdo.
1025 1151 1165 1203 Patri,
1196 1151 1378 1193 domino
1400 1151 1564 1208 Joanni
1589 1154 1672 1194 Po—

0 1211 9 1245 .’
47 1202 195 1254 laneo,
228 1204 466 1248 Societatis
489 1208 598 1262 Jesu
628 1207 884 1259 secretario,
911 1208 1053 1251 amico
1081 1209 1358 1252 charissimo.
1391 1211 1498 1252 Alia
1521 1225 1678 1253 manu:

0 1269 11 1318 j]
53 1262 180 1315 1565.
221 1263 514 1320 Heilspergh.
555 1266 794 1309 Cardinale
823 1266 1094 1310 varmiense.
1134 1284 1161 1325 9
1195 1270 1392 1325 Agosto.
1425 1269 1582 1325 sigilli
1603 1284 1677 1312 ve—

0 1333 9 1377 ξ
44 1322 257 1377 stigium.

0 1387 5 1418 ἱ

0 1422 8 1438 Υ

819 1457 895 1498 LII

489 1536 927 1574 STANISLAUS
968 1537 1223 1575 HOSIUS

627 1608 832 1644 cardinalis
853 1610 1083 1645 varmiensis

502 1695 643 1724 PATRI
677 1695 849 1734 JOANNI
884 1696 947 1726 DE
980 1695 1199 1725 POLANCO

416 1763 731 1820 Heilsbergae,
774 1777 828 1821 29
861 1765 1064 1821 Augusti
1108 1765 1218 1819 1565
1259 1765 1291 1807 4.

145 1848 379 1883 Societatem
388 1846 488 1892 Jesu
506 1847 550 1881 in
567 1828 874 1893 septentrionem
892 1859 983 1882 suos
1000 1859 1135 1882 ramos
1152 1848 1361 1883 extendere
1381 1849 1552 1895 gaudet.

0 1906 31 1967 ζ’,
125 1919 237 1962 Rde.
270 1920 405 1961 Pater
432 1917 479 1959 in
508 1917 704 1969 Christo,
737 1918 866 1961 nobis
888 1918 1150 1962 charissime
1172 1925 1217 1961 et
1239 1919 1517 1970 honorande,
1544 1920 1667 1963 salu—

0 1971 125 2041 }‘tem
147 1985 192 2021 et
215 1976 366 2020 omnia
390 1976 578 2020 foelicia.
606 1977 916 2020 Renunciatur
940 1977 1075 2020 michi
1094 1977 1212 2019 mitti
1234 1979 1325 2019 huc
1349 1993 1374 2019 a
1398 1978 1528 2021 uobis
1551 1994 1665 2021 non—

0 2038 180 2087 mullos
202 2052 257 2081 ex
280 2036 507 2080 Societate
529 2044 694 2088 vestra,
721 2036 797 2091 qui
815 2037 935 2092 apud
952 2038 1116 2079 Rmum
1147 2036 1379 2078 dominum
1405 2037 1665 2092 episcopum

63 2097 290 2140 locensem
328 2095 374 2138 in
407 2095 599 2151 collegio
637 2110 716 2150 per
752 2095 899 2150 ipsum
938 2103 1169 2139 exstructo
1207 2095 1494 2139 iuuentutem
1533 2097 1664 2139 instia

0 2149 163 2199 *tuant
179 2163 224 2198 et
246 2153 483 2198 seminario
503 2154 712 2209 praesint.
740 2156 950 2210 Quorum
975 2154 1108 2198 etiam
1132 2162 1283 2198 rector
1303 2155 1482 2196 futurus
1501 2155 1666 2199 dicitur

37 2217 88 2258 P.
114 2215 349 2258 Balthasar
373 2215 403 2264 ⁵,
435 2213 512 2268 qui
541 2213 624 2255 fuit
653 2216 871 2257 hactenus
900 2215 946 2255 in
979 2213 1145 2256 familia
1178 2213 1306 2256 Illmi.
1334 2213 1503 2256 domini
1526 2216 1662 2257 Com-

0 2195 263 2397 gemendum,
288 2272 527 2315 cardinalis
543 2272 697 2328 legati.
725 2275 794 2315 Ac
819 2275 1113 2316 uehementer
1143 2272 1325 2326 quidem
1347 2274 1526 2328 gaudeo
1557 2289 1663 2316 san-

21 2340 152 2378 ctam
173 2334 290 2375 hanc
327 2340 522 2374 vestram
560 2331 836 2375 Societatem
874 2332 919 2373 in
943 2334 1064 2373 hunc
1087 2331 1221 2373 etiam
1251 2339 1454 2374 nostrum
1478 2340 1662 2387 septen—

2 2383 226 2442 &trionem
248 2405 354 2434 suos
377 2405 523 2433 ramos
545 2392 804 2443 extendere3
831 2398 967 2445 atque
991 2391 1162 2433 utinam
1191 2390 1300 2445 alijs
1316 2390 1450 2433 etiam
1484 2391 1531 2433 in
1553 2392 1664 2435 locis

3 2437 78 2513 {et
98 2450 381 2494 diocaesibus
404 2449 497 2506 [sic]
527 2449 686 2492 similia
715 2451 770 2492 ab
799 2449 1021 2505 episcopis
1050 2449 1215 2492 nostris
1243 2449 1540 2492 instituantur
1567 2452 1663 2493 col-

4 2502 165 2567 fflegia,
189 2525 245 2554 ex
268 2508 432 2563 quibus
456 2509 630 2551 fructus
651 2508 741 2562 ille,
768 2524 901 2564 quem
924 2523 1158 2564 speramus
1181 2516 1226 2552 et
1248 2516 1473 2564 optamus,
1505 2511 1561 2552 ad
1585 2524 1662 2554 ec—

6 2627 27 2676 s
102 2654 110 2673 ¹
160 2652 362 2694 PHILIPP„
383 2650 450 2689 IV,
475 2648 530 2683 13.

7 2691 38 2737 fef
96 2701 109 2720 Ξ
160 2699 315 2739 ΜΑΗΟ.,
335 2697 402 2731 ΙΧ.
425 2705 482 2730 22.

8 2740 39 2771 '³1‘
95 2747 109 2767 ⁵
159 2746 346 2789 MATTH.,
366 2744 434 2786 IX,
453 2742 512 2787 383
534 2748 574 2777 et
591 2743 711 2787 Luc„
732 2743 782 2787 X,
803 2751 837 2776 2.
1386 2770 1390 2774 .
1587 2753 1590 2756 >

10 2787 38 2831 ῗξ)
95 2795 110 2815 ¹²
158 2793 217 2827 Ex
235 2793 459 2837 archetypo,
478 2790 518 2825 in
540 2789 634 2825 Cod.
658 2790 718 2835 38,
737 2789 882 2836 duplici
905 2789 987 2833 fol.‚
1010 2788 1077 2824 123
1095 2791 1208 2833 (204).
1239 2789 1338 2824 Vide
1366 2790 1480 2837 epist.
1501 2790 1584 2836 348;
1617 2798 1656 2827 et

22 2838 206 2887 append„
233 2839 336 2884 XLI,
355 2838 476 2875 XLV,
495 2843 569 2872 ete.
976 2883 983 2890 .
1055 2883 1061 2890 .
1238 2884 1245 2890 ⁴
1298 2884 1304 2891 Π
1626 2886 1632 2892 .

16 2892 37 2921 ³*
97 2889 111 2910 ⁵
159 2888 203 2921 P.
222 2887 422 2921 Balthasar
439 2884 697 2930 Hostovinus,
715 2883 763 2919 de
781 2895 858 2930 quo
878 2895 1033 2930 saeplus
1052 2895 1091 2918 in
1116 2886 1383 2930 super10r1bus
1409 2884 1655 2921 documenns

30 2945 155 2970 sermo
173 2933 323 2969 incidit.
1262 2935 1268 2941 ·

170 3022 282 3050 Emsr.
303 3021 339 3049 P.
359 3021 492 3053 NADAL,
513 3019 597 3047 ΤοΜ.
619 3018 665 3047 11.
1478 3020 1513 3048 44
