1958 3210
741 182 958 220 APPENDIX
1585 186 1655 231 615

786 334 847 375 XI
885 348 910 376 a

449 408 498 443 P.
533 408 809 454 JOANNES
846 333 922 445 D<E
957 409 1245 449 POLANCO

674 485 721 508 ex
740 474 1011 509 commissione

565 553 720 582 BEATO
754 554 907 582 PETRO
937 555 1127 584 CANISIO

477 615 695 667 Tridenti,
729 617 784 657 26
808 616 1010 673 Januarii
1045 619 1152 672 1563
1182 620 1209 662 ¹.

504 691 563 725 De
582 692 771 738 theologis
790 693 861 738 ing
838 693 1177 730 ucilstadieroesib11s.

122 756 251 799 Nelle
274 769 378 798 cose
401 755 456 799 de
479 756 753 811 Ingolstadio
782 758 1060 812 apertenenti
1091 759 1163 802 alli
1194 761 1433 825 professori
1456 761 1499 803 di
1524 763 1653 805 11160-

34 814 170 870 logia,
196 814 225 856 il
250 817 300 857 P
328 817 389 857 Μ.
403 825 444 848 ro
468 816 600 857 Natal
625 822 810 858 toccaua
832 815 860 858 li
883 817 1012 872 punti
1034 819 1238 872 sequenti
1262 821 1345 863 che
1363 820 1605 864 douessero
1624 821 1651 863 li

33 873 175 916 nostri
197 874 454 917 obseruare:
483 874 648 926 Primo,
674 889 764 917 non
794 875 922 919 facile
953 875 1127 919 dicatur
1156 880 1275 932 quod
1304 879 1547 934 propositio
1569 880 1652 923 ali—

35 947 125 987 qua
147 932 205 975 sit
226 932 438 976 heretica.
465 934 627 976 Nullus
650 934 832 976 omnino
862 936 1110 990 appelletur
1132 937 1390 980 hereticus
1381 953 1425 980 111
1448 938 1652 994 disputa-

19 991 171 1042 ¹tione.
201 993 504 1034 ModerandUs
527 999 595 1035 est
624 993 783 1035 zelus
774 1008 819 1036 m
849 994 1225 1049 disputationibus
1248 1003 1291 1038 et
1314 996 1410 1039 aliis
1432 1011 1652 1053 congres—

37 1051 177 1102 sibus,
210 1057 254 1094 et
284 1058 433 1094 tamen
463 1051 821 1094 constantissime
850 1054 1149 1097 defendantur
1176 1056 1389 1110 dogmata
1417 1057 1646 1100 ecclesiae.

37 1109 235 1165 Fugiant
258 1109 398 1152 nostri
421 1118 639 1164 quantum
656 1118 868 1178 poterunt
884 1112 1123 1155 verborum
1141 1114 1468 1167 contentiones,
1489 1123 1532 1158 et
1552 1131 1652 1158 mo—

36 1168 291 1212 destissime
313 1169 464 1212 dicant
496 1184 623 1212 suam
652 1170 919 1213 sententiam
943 1171 987 1213 in
1019 1173 1462 1228 congregationibus.
1498 1175 1652 1219 Sciant

37 1227 178 1270 nostri
201 1228 342 1271 teneri
365 1242 412 1271 se
431 1228 574 1284 magis
592 1237 699 1271 uoto
716 1237 869 1272 nostro
888 1209 1196 1274 obedientiae
1186 1247 1229 1274 1n
1250 1233 1491 1284 Societate,
1518 1248 1651 1289 quam

35 1287 300 1339 iuramento,
327 1288 446 1343 quod
468 1295 697 1342 praestant
714 1288 759 1330 in
777 1289 1085 1341 uniuersitate,
1106 1291 1366 1345 praesertim
1386 1306 1488 1334 cum
1511 1293 1651 1335 simus

36 1345 272 1402 protestati
299 1347 406 1388 dum
436 1346 779 1391 admitterentur
806 1348 1055 1392 iuramenta
1084 1349 1356 1402 huiusmodi,
1382 1350 1443 1394 ita
1470 1366 1551 1394 nos
1580 1352 1653 1395 illa

33 1405 282 1457 admittere,
308 1406 440 1448 modo
462 1405 599 1448 nichil
620 1408 840 1462 derogent
858 1407 1062 1450 instituto
1080 1416 1124 1452 et
1147 1409 1545 1453 constitutionibus
1568 1426 1651 1453 no-

37 1464 156 1507 stris.
183 1439 310 1508 Licet
331 1472 480 1509 autem
503 1465 763 1521 simpliciter
786 1466 884 1521 quis
908 1474 1128 1519 teneatur,
1151 1475 1195 1511 et
1218 1469 1350 1512 fidem
1374 1469 1587 1524 profiteri,
1608 1477 1652 1512 et

36 1538 336 1579 propugnare,
358 1532 402 1568 et
424 1523 674 1567 iuramenta
696 1540 892 1575 seruare,
913 1526 974 1568 illi
993 1533 1158 1578 tamen,
1180 1527 1255 1582 qui
1278 1535 1383 1570 sunt
1405 1530 1488 1570 sub
1512 1543 1651 1584 regu-

36 1582 117 1625 lari
141 1583 411 1635 obedientia,
437 1584 603 1627 debent
631 1585 700 1626 sui
729 1600 864 1640 supe1
868 1600 970 1628 ioris
997 1585 1162 1628 iudicio
1185 1586 1397 1642 regulari,
1422 1594 1466 1629 et
1489 1602 1653 1631 secun-

37 1643 143 1684 dum
175 1657 329 1685 eorum
358 1643 643 1695 sententiam,
677 1643 794 1686 circa
825 1652 1016 1700 tempus,
1047 1622 1262 1687 modurnt>
1260 1654 1304 1688 et
1333 1660 1530 1698 causam,
1562 1654 1648 1689 etc.

124 1702 246 1743 Idem
272 1703 512 1753 Polanczts,
536 1717 591 1744 ex
612 1704 934 1755 commi'sszone,
958 1704 1097 1746 eidem
1123 1705 1175 1747 Β.
1198 1705 1382 1747 Caniszo
1400 1706 1506 1748 llaec
1528 1717 1553 1748 Ι
1571 1708 1652 1747 Fe-

37 1761 218 1802 bruarii
242 1763 354 1814 1563
377 1763 572 1816 scripsit:
594 1763 712 1805 Dell’
737 1763 900 1806 andata
927 1763 998 1806 del
1028 1765 1079 1806 Ρ.
1107 1766 1152 1806 Μ
1161 1775 1223 1805 ,ro
1245 1765 1405 1807 Natale
1427 1767 1462 1807 s’
1487 1767 1654 1808 hauera

36 1834 143 1862 cura
170 1821 211 1861 al
239 1835 321 1862 suo
350 1828 513 1875 tempo,
544 1823 709 1876 perche
737 1836 825 1876 qua
854 1836 933 1878 per
957 1823 1115 1865 adesso
1143 1824 1172 1864 l’
1203 1837 1339 1878 opera
1361 1837 1442 1865 sua
1470 1825 1494 1865 6
1516 1825 1653 1866 1110110

39 1879 143 1921 111116
162 1894 239 1933 per
256 1879 380 1921 molti
398 1880 535 1932 conti,
551 1887 594 1924 et
612 1896 705 1923 non
723 1884 762 1923 c'
782 1883 807 1924 6
826 1889 952 1937 tropo
971 1883 1104 1925 fretta
1120 1897 1199 1937 per
1216 1883 1256 1925 le
1274 1896 1377 1926 cose
1388 1884 1443 1924 de
1459 1882 1649 1935 Vienna,

35 1939 223 1980 essendo
247 1940 394 1993 quella
421 1946 639 1995 tempesta
661 1940 735 1996 gia
757 1948 950 1996 passata,
971 1955 1098 1984 corne
1120 1956 1199 1996 per
1220 1942 1377 1985 lettere
1395 1942 1466 1984 del
1488 1949 1653 1986 rettore

34 1996 70 2039 si
93 1999 117 2040 6
143 1997 258 2041 uisto
280 1999 397 2054 dopo
420 1999 461 2041 la
484 1999 677 2042 arriuata
699 2000 770 2043 del
795 2002 847 2043 Ρ.
874 2000 1121 2044 Vittoria..,

776 2114 839 2156 XI
888 2114 915 2155 b

501 2189 543 2224 P.
574 2189 812 2235 JOANNES
841 2114 910 2224 1)(11
936 2189 1185 2227 PoLANco

419 2268 560 2298 PATRI
594 2269 964 2299 CHRISTOPHORO
997 2270 1060 2299 DE
1093 2270 1274 2299 MADRID

575 2343 663 2366 cum
682 2332 767 2367 aliis
785 2331 1121 2367 communicanda.

507 2396 727 2451 Tridenti,
764 2411 788 2452 3
822 2397 970 2441 Martii
1008 2398 1115 2452 1563
1150 2398 1181 2441 ⁵.

35 2470 200 2507 Lainius
224 2472 412 2507 Tridento
431 2472 644 2508 Mantuam
654 2475 771 2520 petit:
790 2475 919 2510 locum
929 2474 1080 2520 ficturo
1096 2475 1301 2509 Societatz's
1317 2475 1482 2521 collegio
1496 2475 1653 2522 deligit:

142 2531 378 2567 Tridentum
396 2535 562 2568 remeat:
579 2533 801 2579 infirmitas
818 2537 853 2570 et
866 2536 940 2581 pia
958 2546 1065 2569 mors
1082 2534 1305 2569 cardinalis
1323 2534 1552 2569 mantuani.

777 2600 908 2693 Jhils.

120 2711 261 2754 Molto
292 2712 405 2755 Rdo.
439 2712 485 2754 in
516 2712 697 2755 Christo
729 2714 890 2757 Padre.
926 2714 1020 2756 Pax
1049 2713 1149 2767 X.i,
1181 2720 1268 2756 etc.
1300 2713 1391 2756 Alli
1415 2727 1461 2756 XI
1492 2712 1537 2755 di
1565 2714 1651 2757 Fe-

104 2865 115 2885 ¹
165 2865 223 2899 Ex
240 2865 426 2911 Regesto,
449 2865 543 2901 Cod.
566 2877 609 2911 33
627 2866 677 2910 c),
698 2866 763 2901 fol.
787 2866 865 2910 167.
886 2866 985 2901 Vide
1004 2878 1132 2913 supra,
1153 2878 1239 2913 pag.
1261 2866 1341 2911 253,
1363 2873 1491 2902 annot.
1513 2867 1546 2901 3.

102 2913 116 2932 ²
165 2913 223 2946 Ex
242 2913 314 2947 loc.
335 2913 416 2957 cit.,
437 2913 502 2948 fol.
526 2914 604 2958 176.

103 2959 116 2978 ⁵
166 2959 223 2994 Ex
241 2961 464 3007 archetypo,
485 2960 523 2996 in
544 2960 638 2996 Cod.
660 2961 826 3002 P.L.B.,
843 2960 986 3007 duplici
1005 2962 1087 3007 fol.,
1106 2970 1172 3007 109
1187 2960 1259 3009 (28,
1279 2962 1352 3008 29).
1382 2962 1647 3008 Archetypum
