1958 3210
744 162 961 200 APPENDIX
1595 157 1659 203 581

134 268 351 312 Robertus
377 268 679 324 Clayssonius.
706 264 840 323 [Sem
871 267 881 287 ¹
913 278 947 308 1.
977 266 1049 308 Ab
1081 279 1200 306 anno
1231 260 1390 306 aetatis
1417 267 1580 304 octauo
1609 261 1664 303 ad

45 343 212 373 annum
233 342 375 382 vsque
400 341 470 381 33,
497 342 629 382 quem
653 339 774 368 nunc
792 339 1002 380 egressus
1020 332 1103 375 est,
1126 323 1210 366 nisi
1229 323 1387 365 morbo
1406 320 1660 376 impeditus,

47 402 221 443 semper
241 387 470 429 literarum
500 386 648 428 studio
677 391 922 439 occupatus
953 384 1051 435 fuit,
1083 391 1160 425 aut
1189 382 1327 424 sacris
1356 379 1663 422 functionibus

49 462 228 503 operam
251 445 482 501 impendit.
510 445 708 488 Primum
728 444 906 498 quidem
926 450 1023 498 post
1042 441 1379 497 grammaticen,
1401 449 1494 481 tum
1513 446 1662 481 orato-

49 507 155 558 riae,
195 512 290 547 tum
328 504 529 560 poeticae
567 503 767 546 facultati
805 502 1049 552 insudauit,
1084 501 1204 543 haud
1234 500 1442 555 neglecta
1479 498 1662 553 linguae

48 578 237 622 graecae
259 563 530 619 cognitione.
557 563 673 605 Dein
696 563 751 604 ad
778 560 1083 617 philosophiae
1112 559 1310 602 studium
1342 573 1389 600 se
1419 556 1659 608 transtulit;

47 639 149 667 mox
186 624 241 666 ad
278 623 386 664 iuris
423 621 567 665 ciuilis
605 621 801 663 studium
840 619 1111 671 conuolavit;
1144 620 1238 669 sed,
1264 619 1316 660 ad
1342 631 1490 659 sacras
1513 615 1663 659 literas

45 697 264 739 propenso
282 683 445 725 affectu
464 681 678 724 adhelans
693 681 805 736 [sz'c],
821 680 877 721 ad
892 693 1043 721 sacrae
1060 677 1312 732 theologiae
1327 675 1523 718 studium
1542 682 1663 716 tran‘

45 742 165 793 siliit;
192 749 326 795 atque
354 741 409 782 ad
438 740 621 795 linguae
644 739 879 782 hebraicae
907 738 1178 781 hauriendos
1212 737 1357 779 fontes
1387 734 1658 789 properauit.

44 803 197 856 Itaque
220 800 265 841 in
288 799 424 842 sacris
447 799 675 843 literarum
698 798 952 840 diuinarum
976 796 1135 839 studiis
1158 794 1440 851 praecipuam
1465 800 1509 836 et
1538 800 1661 835 aeta-

45 867 132 903 tem
157 866 200 904 et
222 873 400 914 operam
424 858 660 900 collocauit
683 874 708 901 a
736 856 974 901 Societatis
995 856 1218 911 ingressu.
1256 866 1296 896 2.
1339 852 1553 895 Incolumi
1582 853 1662 894 ad-=

45 919 227 961 modum
249 925 294 960 et
323 918 500 973 integro
529 932 713 972 corpore
741 916 786 958 in
815 915 954 959 literis
983 922 1123 957 totam
1153 911 1499 956 adolescentiam
1527 918 1662 965 atque

38 979 326 1034 juuentutem
354 976 580 1032 expendit:
613 983 657 1018 at
688 989 808 1018 nunc
846 989 979 1029 supra
1015 973 1245 1017 biennium
1283 985 1460 1013 menses
1491 970 1662 1025 aliquot

44 1039 246 1097 languet,
287 1036 515 1079 laboribus
552 1050 689 1091 prope
728 1036 988 1078 exhaustus.
1028 1047 1067 1087 3.
1102 1032 1149 1076 Si
1181 1032 1393 1074 valetudo
1416 1037 1658 1085 pateretur,

47 1104 169 1139 totus
191 1095 418 1138 literarum
449 1095 608 1150 studijs
636 1094 792 1145 inhiat,
823 1092 1015 1135 maxime
1042 1106 1149 1134 vero
1178 1104 1404 1133 sacrarum
1433 1089 1660 1131 literarum

46 1156 392 1211 linguarumque
423 1156 549 1196 ardet
586 1153 822 1197 desiderio.
853 1165 890 1205 4.
922 1151 1048 1195 Licet
1076 1152 1131 1193 ad
1161 1149 1344 1206 quasuis
1371 1147 1581 1191 scientias
1610 1162 1661 1189 ac

45 1214 300 1270 disciplinas
323 1221 475 1269 aptum
504 1228 550 1256 se
579 1212 761 1263 iudicet,
796 1211 986 1253 maxime
1025 1218 1174 1252 tamen
1212 1210 1267 1251 ad
1305 1207 1480 1250 diuinas
1511 1206 1661 1249 literas

45 1274 393 1330 linguarumque
415 1273 613 1315 studium
643 1271 828 1327 rapitur,
861 1269 1045 1325 ingenio
1073 1268 1376 1322 memoriaque
1404 1267 1525 1308 haud
1554 1280 1662 1321 poe—

45 1333 239 1377 nitendis
262 1332 505 1388 praeditus.
535 1342 573 1385 5.
602 1332 736 1374 Certe
758 1330 803 1372 in
821 1329 958 1372 sacris
975 1328 1112 1371 literis
1130 1328 1382 1383 profectum
1401 1324 1659 1380 ampliorem

44 1392 202 1436 fecisse
224 1391 307 1434 sibi
329 1391 522 1443 videtur,
556 1404 700 1445 eoque
728 1388 1021 1445 promouisse,
1052 1394 1100 1429 vt
1130 1388 1185 1429 ad
1211 1385 1336 1429 verbi
1365 1384 1659 1427 ministerium

42 1459 175 1507 atque
205 1451 459 1507 theologiae
490 1449 723 1504 vtriusque
761 1448 1080 1504 professionem
1118 1446 1163 1488 in
1201 1453 1391 1499 utraque
1430 1442 1660 1486 functione

42 1513 259 1554 hactenus
296 1516 543 1566 occupatus
579 1510 729 1564 plures
766 1522 923 1557 annos,
964 1507 1080 1549 duce
1117 1504 1201 1548 Dei
1234 1503 1379 1560 gratia
1411 1517 1462 1545 ac
1494 1502 1659 1545 comite

43 1570 298 1612 valetudine
320 1570 498 1625 aspiret.
526 1570 565 1611 ὁ.
590 1569 663 1611 Ad
690 1567 851 1609 artium
879 1566 1152 1608 doctoralem
1182 1565 1379 1606 lauream
1409 1568 1655 1617 promotus,

43 1630 214 1671 nullum
252 1628 508 1685 theologiae
549 1635 625 1670 aut
669 1626 851 1670 alterius
893 1624 1117 1667 facultatis
1159 1624 1350 1679 gradum
1381 1620 1653 1663 conscendit.

45 1700 85 1742 7.
112 1690 167 1730 Et
189 1688 233 1730 in
250 1688 410 1731 studiis
426 1695 470 1730 et
488 1688 531 1729 in
550 1686 709 1729 ceteris
729 1684 1010 1728 obedientiae
1029 1682 1277 1739 praeceptis
1295 1697 1344 1725 se
1362 1688 1503 1723 totum
1523 1679 1658 1721 indif-

45 1748 258 1791 ferentem
283 1747 495 1790 Societati
519 1746 727 1801 resignat.
756 1747 796 1787 8.
823 1743 1059 1787 Constanti
1082 1742 1230 1785 animo
1248 1756 1299 1784 ac
1322 1747 1468 1782 macte
1491 1738 1659 1782 virtute

43 1806 88 1848 in
110 1806 383 1862 quibuslibet
409 1806 569 1850 studiis
597 1804 878 1848 obedientiae
909 1802 1174 1846 auctoritate
1202 1799 1415 1842 iniunctis
1446 1812 1658 1854 perseue-

41 1873 241 1908 raturum
263 1881 328 1918 se,
352 1868 450 1909 Deo
474 1867 669 1917 fauente,
696 1863 944 1919 pollicetur,
970 1861 1240 1915 cuicumque
1261 1858 1411 1902 studio
1440 1873 1542 1902 eum
1571 1859 1657 1901 So-

41 1925 178 1967 cietas
215 1925 448 1969 addixerit.
489 1940 531 1981 9.
574 1923 912 1966 Paratissimum
951 1936 998 1964 se
1035 1922 1166 1964 offert
1203 1919 1259 1962 ad
1296 1933 1429 1961 omne
1466 1916 1657 1959 docendi

39 1999 218 2037 munus,
253 1984 349 2027 siue
385 1983 714 2040 grammatices,
755 1982 852 2025 siue
887 1979 1212 2037 philosophiae,
1253 1978 1350 2021 siue
1383 1976 1653 2031 theologiae,

38 2043 170 2098 idque
193 2043 406 2099 quamdiu
429 2057 582 2086 sacrae
604 2041 822 2098 placuerit
845 2039 1142 2090 obedientiae,
1175 2045 1388 2092 certaque
1416 2035 1581 2078 fiducia
1609 2050 1657 2078 se

40 2103 200 2145 fretum
236 2104 487 2158 profitetur,
533 2117 621 2158 qua
662 2101 843 2144 diuinae
879 2098 1190 2156 prouidentiae
1232 2096 1415 2140 arbitrio
1457 2094 1655 2137 seniores

39 2162 380 2217 superioresque
406 2162 452 2205 in
489 2162 582 2205 suis
619 2160 810 2205 decretis
848 2159 960 2215 regi,
1001 2158 1224 2200 tutissimo
1255 2157 1378 2199 velut
1416 2153 1651 2210 praesidio,

39 2221 482 2265 credit.—Robertus
519 2219 828 2274 Clayssonius,
869 2217 1125 2274 brugensis,
1167 2214 1443 2258 tornacensis
1475 2212 1654 2268 collegii

41 2281 263 2323 alumnus.
290 2279 382 2338 [1V‚
410 2281 622 2337 585-596]

106 2350 171 2383 Ἰ.
236 2341 454 2383 Robertus
494 2340 719 2383 Gz'mlius.
768 2351 808 2381 2:
855 2339 964 2382 Sum
1007 2336 1052 2378 in
1090 2334 1312 2391 uigesimo
1350 2339 1478 2376 sexto
1517 2346 1650 2373 anno.

42 2412 81 2453 3.
107 2400 282 2451 Gallus,
306 2400 492 2452 flander,
516 2398 808 2443 leodiensis...
841 2410 904 2440 12.
928 2396 1141 2452 Quinque
1164 2408 1305 2437 annos
1327 2408 1352 2435 a
1382 2395 1514 2435 Patre
1538 2392 1654 2434 Leo-

41 2459 180 2501 nardo
202 2459 246 2500 in
270 2460 304 2502 F
308 2458 493 2511 landria,
524 2458 570 2501 in
598 2457 787 2513 collegio
814 2455 1073 2499 coloniensi:
1100 2469 1190 2497 non
1214 2453 1277 2495 fui
1304 2460 1398 2494 tum
1426 2450 1653 2494 examina—

41 2524 166 2560 tus...
194 2531 259 2571 14.
281 2519 441 2561 Habeo
459 2525 650 2572 quatuor
666 2516 876 2559 minores.
904 2526 969 2569 15.
991 2516 1039 2557 In
1054 2512 1313 2565 coloniensi,
1328 2509 1654 2567 ingolstadien-

36 2575 88 2631 si,
113 2584 158 2620 et
180 2577 300 2619 istud
322 2584 390 2620 est
414 2576 593 2619 tertium
617 2578 648 2618 ².
678 2577 769 2631 [IV,
796 2577 897 2629 581,
925 2575 1022 2629 582]

131 2648 167 2679 Ι.
233 2637 461 2679 Llamome
484 2637 636 2691 Roque
665 2636 790 2678 Rois.
825 2647 864 2677 2.
895 2635 1054 2688 Tengo
1075 2631 1363 2686 uentiquatro
1386 2635 1510 2679 astos,
1542 2641 1654 2683 poco

35 2699 129 2738 mas
151 2699 177 2738 o
200 2710 370 2739 menos.
400 2709 439 2750 3.
467 2696 578 2738 Naci
601 2711 658 2739 en
680 2695 721 2738 el
749 2693 1040 2748 arcobispado
1069 2693 1125 2736 de
1156 2692 1340 2741 Toledo,
1367 2704 1423 2732 en
1444 2703 1533 2730 vna
1565 2687 1654 2729 uila

40 2768 128 2809 que
150 2768 198 2797 se
220 2756 335 2798 lama
362 2756 404 2798 la
433 2755 647 2811 Caleada:
679 2753 842 2797 crieme
869 2767 925 2796 en
954 2753 1185 2796 Gandia...
1223 2763 1289 2804 14.
1322 2749 1588 2794 Recebiome
1614 2749 1655 2790 el

108 2898 117 2918 ¹
170 2897 340 2932 Examen
358 2908 561 2932 commune
580 2896 784 2933 Claissonii
803 2895 1058 2931 desideratur.

107 2946 120 2967 ‘2
171 2943 328 2981 Scilicet
347 2957 549 2992 pragense.
570 2945 668 2981 Vide
688 2956 815 2992 supra,
836 2955 921 2991 pag.
947 2943 1025 2990 186,
1045 2948 1175 2979 annot.
1196 2951 1230 2989 5.
