1958 3210
729 162 751 199 3
776 164 883 209 JULn
913 163 1002 209 1563
1612 160 1679 206 325

1504 266 1512 286 1

57 274 149 314 mas
173 270 325 322 suerca
347 282 453 324 para
482 268 522 310 la
551 266 777 310 actuation
802 280 889 321 que
917 280 998 322 por
1034 271 1113 310 303
1137 281 1213 309 613
1241 264 1470 311 necesaria
1523 298 1531 318 ,
1563 280 1591 321 y
1618 265 1684 307 las

58 345 374 403 occupationes
391 345 447 388 de
469 345 511 387 la
533 334 755 387 uecindad
772 342 1057 387 entretienen
1077 345 1117 386 al
1136 343 1431 396 beneficiado,
1452 357 1559 398 para
1577 356 1680 397 que,

62 437 237 479 aunque
260 423 421 478 ayuda,
447 436 505 464 no
528 436 603 464 sea
627 427 750 463 tanto
775 426 942 475 quanto
965 435 1071 476 para
1093 422 1134 464 10
1154 436 1241 476 que
1264 436 1287 464 e
1311 420 1442 463 dicho
1460 434 1508 462 se
1531 420 1679 463 desea.

145 502 243 544 Con
265 498 471 542 occasion
495 499 551 542 de.
572 500 638 541 103
662 513 749 553 que
772 512 818 540 se
842 512 898 539 an
921 498 976 540 de
1000 498 1197 540 admittir
1214 503 1239 541 3
1258 497 1506 553 profession
1530 512 1577 540 se
1601 511 1681 553 po—

59 581 151 622 dria
178 580 313 621 hazer
342 578 509 633 alguna
539 575 813 619 renouacion
850 576 882 628 ²,
914 589 1044 618 como
1082 590 1140 631 yo
1170 591 1216 619 se
1244 577 1287 619 10
1315 591 1339 619 6
1369 582 1612 632 propuesto
1642 576 1682 617 al

60 657 205 701 Padre
233 654 490 698 comissario
518 668 606 709 que
636 656 751 696 seria
779 654 908 695 harto
947 652 1232 709 importante,
1258 656 1332 695 'asi
1357 668 1462 708 para
1492 652 1595 695 bien
1628 652 1683 695 de

56 735 242 776 muchos
264 732 319 775 de
342 732 410 774 103
434 735 528 773 mas
553 730 784 787 antiguos,
811 745 940 773 como
962 745 1070 786 para
1093 731 1298 786 exemplo
1326 746 1353 785 y
1377 745 1481 786 para
1512 729 1682 772 animat

56 812 165 854 3103
189 824 378 853 111161103.
406 809 458 851 El
480 810 561 851 Dr.
588 810 793 863 Vergara
816 808 829 827 ⁵
854 811 949 851 6313
982 808 1144 859 0116110,
1185 823 1213 862 y
1237 823 1295 849 no
1325 823 1380 862 ay
1409 822 1515 849 cosa
1544 806 1682 861 parti—

56 888 174 931 cular
200 901 286 943 que
308 885 480 929 screuir
502 886 573 928 (161
596 890 621 928 a
644 887 699 928 V.
728 887 781 928 R.
808 887 1062 928 Fauoresce
1085 899 1213 927 como
1231 885 1355 929 311616
1378 889 1403 926 2⁷1
1426 892 1521 927 este
1543 884 1681 926 colle-

55 965 145 1022 gio,
170 980 197 1020 y
221 964 417 1007 tambien
441 978 489 1007 36
518 979 543 1006 3
572 963 780 1007 31111113ἀο
808 967 903 1006 mas
932 978 1017 1006 con
1040 963 1082 1006 la
1111 978 1261 1006 nueua
1290 969 1427 1018 gente
1458 977 1546 1017 que
1576 977 1624 1005 36
1658 977 1682 1004 3

53 1041 276 1087 recebido.
303 1041 356 1083 El
380 1043 431 1084 P.
456 1043 513 1084 D.
541 1040 746 1084 Antonio
775 1041 789 1060 4
829 1044 924 1083 esta
946 1041 1098 1084 bueno
1120 1041 1177 1084 de
1199 1041 1344 1092 salud,
1371 1055 1400 1096 y
1418 1039 1565 1096 puede
1589 1046 1679 1082 tra—

55 1120 192 1175 bajar.
220 1118 366 1162 Murio
389 1119 430 1162 61
451 1119 573 1163 buen
603 1120 655 1161 P.
690 1120 806 1176 Joan
829 1117 1017 1162 Alcaide
1041 1120 1072 1171 ⁵,
1105 1133 1193 1174 que
1223 1119 1298 1161 fue
1326 1118 1381 1161 de
1410 1120 1515 1173 aqui
1545 1131 1680 1172 quar—

54 1196 223 1240 tanario
246 1200 271 1238 a
294 1195 514 1239 Montilla.
542 1195 746 1248 Estudia,
779 1210 808 1251 y
831 1202 927 1239 este
950 1210 1117 1239 uerano
1146 1210 1202 1238 va
1225 1199 1250 1239 a
1277 1203 1461 1239 nuestra
1489 1194 1681 1238 hermita

55 1275 260 1331 (16]63113
282 1273 353 1316 del
376 1275 530 1316 Monte
553 1274 583 1316 ⁰.
613 1274 727 1316 Otra
749 1287 854 1316 cosa
876 1288 935 1316 no
972 1288 1021 1317 36
1044 1288 1115 1315 me
1145 1274 1333 1316 offresce
1363 1288 1451 1328 que
1480 1271 1678 1316 escreuir

53 1355 77 1395 a
94 1353 148 1395 V.
168 1353 240 1403 R.,
262 1365 342 1406 por
359 1350 556 1394 escreuir
572 1351 699 1407 largo
717 1355 742 1394 a
760 1352 816 1394 N.
840 1351 892 1394 P.
915 1352 983 1393 En
1000 1351 1066 1394 103
1084 1350 1327 1393 sacrificios
1345 1351 1401 1393 de
1419 1351 1476 1393 V.
1498 1351 1550 1392 R.
1572 1348 1676 1405 pido

51 1427 343 1472 humilmente
365 1441 437 1471 ser
460 1428 815 1472 encomendado.
841 1430 912 1472 De
934 1428 1107 1480 Alcala,
1136 1441 1159 1482 3
1183 1428 1239 1471 de
1256 1427 1376 1485 Julio
1415 1428 1675 1482 1563.—-De

55 1508 106 1551 V.
139 1507 192 1550 R.
226 1520 381 1549 menor
404 1505 553 1551 sieruo
575 1520 631 1548 en
654 1505 852 1558 Christo,

1031 1602 1124 1645 Gn„
1157 1601 1438 1644 GONZALEZ.

139 1740 381 1796 Inscriptio
410 1740 459 1782 iu
488 1742 654 1795 quarta
676 1740 879 1796 pagina:
901 1702 998 1797 Jiis.
1032 1739 1091 1782 Al
1121 1752 1228 1793 muy
1258 1738 1371 1781 Rdo.
1406 1753 1462 1781 en
1497 1737 1678 1781 Christo

54 1818 199 1861 Padre
222 1818 262 1861 el
286 1819 338 1860 Ρ.
373 1818 461 1861 M.⁰
490 1817 650 1869 Nadal,
682 1815 941 1860 comissario
964 1816 1149 1873 general
1176 1816 1232 1859 de
1254 1816 1295 1859 la
1325 1816 1575 1872 Compania
1608 1815 1679 1872 [de

47 1895 210 1955 Jesi'is].
243 1897 427 1940 Trento.
459 1894 564 1938 Alia
595 1909 751 1938 manu:
787 1895 912 1949 1563.
946 1894 1120 1938 Alcala.
1149 1895 1201 1937 P.
1233 1893 1309 1937 Gil
1338 1893 1583 1949 Goncalez.
1610 1894 1679 1936 De

44 1972 179 2031 Julio.
216 1973 466 2030 Vestigium
489 1973 651 2030 sigilli.

119 2148 130 2168 ¹
182 2145 282 2181 Vide
300 2146 430 2193 Epist.
451 2146 606 2188 Natal„
627 2146 659 2191 Ι,
677 2145 748 2191 708
767 2150 806 2181 et
822 2153 906 2191 715.

118 2207 131 2227 2
182 2205 227 2240 Id
245 2211 319 2252 est,
339 2205 490 2252 aliquae
509 2205 595 2252 piae
622 2205 936 2250 exercitationes,
966 2205 1014 2240 ad
1032 2216 1205 2240 normam
1232 2217 1377 2251 earum,
1397 2216 1495 2252 quae
1520 2205 1579 2240 bis
1603 2205 1679 2241 sin—

49 2264 151 2310 gulis
169 2264 279 2300 annis
298 2275 365 2311 pro
383 2264 542 2312 spiritus
560 2265 815 2300 renovatione
834 2265 969 2301 haberi
988 2266 1115 2301 solent
1134 2264 1172 2300 in
1192 2264 1401 2300 Societate.

121 2326 134 2345 ⁵
185 2325 330 2360 Doctor
350 2325 573 2371 Alphonsus
591 2325 769 2360 Ramirez
788 2325 836 2360 de
856 2325 1043 2371 Vergara,
1059 2325 1106 2360 de
1125 2336 1200 2372 quo
1216 2324 1398 2372 frequens
1418 2324 1564 2361 mentio
1578 2324 1679 2361 facta

52 2389 111 2419 est
129 2383 168 2419 in
187 2385 316 2431 Epist.
336 2384 491 2426 Natcd„
511 2386 542 2429 13
563 2391 602 2420 et
620 2385 660 2420 in
681 2384 875 2420 Chronico
894 2384 1065 2423 Polanei.

121 2445 136 2465 ⁴
185 2444 230 2480 P.
253 2443 445 2479 Antonius
464 2443 512 2479 de
531 2444 724 2489 Cordoba,
744 2444 853 2491 eujus
874 2456 1038 2480 examen
1056 2450 1116 2481 est
1137 2444 1175 2480 in
1194 2445 1375 2493 append.,
1395 2445 1427 2480 Ι.

122 2502 136 2523 5
184 2501 278 2547 Ejus
297 2513 461 2537 examen
480 2501 569 2537 vide
589 2502 628 2537 in
647 2502 830 2549 append.‚
850 2504 876 2537 I.

121 2560 136 2580 ὃ
185 2558 249 2593 Sic
274 2558 313 2593 in
337 2559 592 2605 autographo.
630 2560 738 2594 Haec
768 2565 898 2595 autem
929 2565 1018 2595 ante
1051 2560 1115 2595 illa
1146 2562 1278 2596 verba:
1306 2560 1442 2595 Murio'
1466 2560 1502 2594 el
1532 2559 1676 2595 buen...

50 2617 253 2653 scribenda
278 2624 400 2660 erant,
426 2619 515 2665 quia
540 2618 587 2654 ad
612 2620 660 2654 P.
685 2620 898 2655 Antonium
924 2620 971 2655 de
997 2620 1174 2656 cordoba
1199 2620 1437 2655 referuntur.
1468 2618 1568 2654 Vide
1593 2619 1676 2667 ejus

51 2677 254 2723 epistolam
274 2678 346 2713 sub
371 2690 408 2713 n.
431 2687 498 2724 292
517 2678 697 2727 positam.
