1958 3210
828 142 916 179 1555
1074 130 1077 132 ’
1643 134 1687 178 35

57 241 267 283 dixerunt
284 238 401 281 inter
417 251 480 280 se:
511 237 867 292 «suspendamus
883 237 967 278 hos
989 236 1201 292 papistas.
1215 254 1231 275 υ
1254 236 1513 279 Periculum
1531 237 1639 279 Ione
1662 252 1686 278 a

60 314 341 359 trahentibus
358 313 510 355 nauim
528 327 608 368 per
624 312 902 356 Danubium.
926 312 1238 355 Passauiensis
1265 314 1274 334 ¹
1301 312 1541 370 episcopus
1556 312 1686 356 beni—

60 408 150 449 gne
167 406 248 433 nos
266 389 455 445 accepit:
478 389 660 432 uocauit
677 404 749 433 me
767 389 822 432 ad
845 387 893 448 [Ρ]
917 390 930 409 ‘²
956 389 1036 432 48
1053 404 1269 432 mensam:
1296 389 1432 432 soluit
1450 404 1564 445 quae
1583 390 1686 432 data

59 468 187 512 nobis
211 468 393 509 fuerunt
414 465 460 508 in
482 465 692 522 hospitio:
718 465 842 510 dedit
865 466 996 509 nobis
1018 467 1224 521 cymbam
1249 474 1294 511 et
1317 468 1441 522 quod
1469 474 1590 511 esset
1619 473 1687 510 sat

58 544 187 588 nobis
209 542 297 586 cibi
318 549 363 585 et
384 549 519 598 potus
543 542 767 586 Viennam
790 557 935 598 Vsque
958 544 990 586 ³.

145 662 226 706 50
751 662 975 704 VIENNAE

142 773 229 816 Hic
258 780 353 817 erat
382 779 531 816 rector
560 774 611 815 P.
645 772 860 825 Lanoius,
893 772 1184 815 concionator
1209 775 1261 815 P.
1296 773 1522 826 Canisius,
1555 775 1684 817 doce-

52 854 128 895 bat
152 853 203 894 P.
230 850 497 902 Gaudanus,
524 849 708 893 Martini
731 849 972 892 conciones
995 857 1124 892 erant
1146 850 1317 893 caesari
1340 857 1568 906 acceptae.
1603 851 1684 894 Vi—

53 927 199 978 sitaui,
241 934 327 971 etc.
370 925 724 969 Emendauimus
762 926 930 981 Canisij
962 926 1310 979 catechismum,
1353 928 1473 982 quod
1506 935 1551 970 et
1589 936 1684 971 erat

54 1018 306 1056 necessum,
333 1010 378 1048 et
400 1003 635 1047 commode
656 1003 807 1055 cessit,
840 1018 943 1046 nam
974 1003 1057 1046 fuit
1087 1003 1342 1048 emendatio
1373 1005 1562 1059 probata
1589 1006 1682 1048 Lo-

54 1081 190 1136 uanij,
217 1087 303 1125 etc.
332 1081 476 1123 Multa
497 1086 604 1122 sunt
626 1079 699 1122 hic
722 1080 943 1132 ordinata,
969 1096 1074 1123 nam
1103 1088 1232 1124 erant
1255 1080 1330 1123 illa
1353 1088 1528 1124 tantum
1559 1081 1680 1137 prin—

53 1157 180 1214 cipia.
222 1157 344 1200 Duxi
382 1171 560 1200 mecum
584 1159 775 1200 Romam
814 1160 876 1200 M.
919 1158 1212 1202 Lambertum
1249 1165 1294 1202 et
1337 1157 1677 1218 Ambro[sium],

74 1234 80 1292 Ι
108 1234 231 1277 illum
254 1235 311 1277 ad
333 1234 497 1287 studia,
524 1236 646 1277 hunc
668 1241 717 1276 vt
738 1234 1007 1278 rescriberet
1031 1237 1083 1277 P.
1110 1235 1277 1290 Laynis
1301 1235 1482 1291 scripta.

132 1313 182 1354 In
203 1311 364 1355 itinere
387 1311 646 1355 audiuimus
668 1319 871 1356 creatum
895 1327 1056 1368 papam
1082 1313 1275 1355 Paulum
1298 1324 1424 1366 411111.

134 1387 294 1432 Villaci
317 1388 560 1431 Ambrosio
582 1388 795 1432 dixerunt
817 1388 999 1443 quidam
1022 1389 1260 1433 haeretici:
1287 1404 1468 1433 «omnes
1492 1390 1679 1433 iesuitae

46 1465 376 1509 interficiemini
399 1480 488 1508 vno
512 1465 584 1508 die
605 1472 654 1507 vt
678 1466 944 1522 templarij.»

134 1541 311 1597 Reliqui
349 1544 502 1585 Ionam
530 1542 577 1585 in
615 1545 699 1585 hoc
729 1543 944 1599 collegio,
977 1543 1053 1598 qui
1083 1551 1239 1599 postea
1270 1546 1421 1600 Praga
1450 1544 1672 1588 discessit.

49 1621 212 1662 Postea
234 1634 414 1662 rursum
436 1626 623 1675 precatu
646 1627 856 1675 receptus
880 1622 1064 1672 Romae,
1096 1622 1216 1665 vnde
1239 1621 1403 1664 missus
1433 1621 1672 1675 Treuirim,

47 1696 150 1740 inde
173 1710 329 1739 rursus
352 1696 478 1752 abijt,
506 1698 682 1739 solutus
705 1697 839 1739 votis:
865 1704 961 1740 erat
990 1697 1282 1740 concionator
1305 1698 1513 1741 electoris
1542 1698 1677 1741 treui-

47 1773 189 1817 rensis
226 1787 330 1816 cum
368 1773 430 1815 illi
463 1773 538 1816 illa
575 1774 590 1793 4
630 1773 841 1817 atrocitas
877 1774 1039 1816 accidit
1077 1776 1107 1816 ⁵.
1147 1775 1255 1817 Inde
1289 1775 1355 1818 51
1391 1786 1459 1829 3.0
1487 1777 1674 1818 Romam

45 1864 183 1905 quum
205 1850 404 1894 venisset
427 1851 632 1906 supplex,
659 1866 750 1893 non
773 1851 858 1893 fuit
881 1851 1118 1894 admissus.
1150 1851 1155 1909 Ι

753 1972 960 2013 BASSANI

128 2082 193 2124 Eo
215 2081 319 2124 veni
342 2096 441 2125 mea
463 2088 640 2137 sponte,
665 2089 714 2123 vt
743 2082 1030 2126 conciliarem
1055 2085 1107 2126 Ρ.
1133 2083 1362 2127 Simonem
1388 2086 1438 2126 P.
1473 2084 1667 2140 Ignatio.

41 2157 126 2214 Egi
148 2172 250 2200 cum
273 2159 363 2210 illo,
389 2159 566 2214 repperi
589 2158 899 2203 difficultatem:
927 2174 1018 2203 non
1041 2168 1110 2203 sat
1127 2160 1236 2202 mihi
1253 2161 1438 2216 placuit3
1460 2162 1539 2204 sed
1556 2175 1670 2203 non—

41 2234 150 2277 nihil
172 2235 358 2279 videbar
379 2236 624 2292 profecisse
647 2239 678 2279 ⁶.

114 2409 123 2429 ¹
174 2408 264 2454 Ms.,
284 2409 557 2443 Patauiensis.

108 2469 122 2488 ἓ
172 2467 281 2502 Haec
299 2467 374 2502 duo
392 2469 513 2502 verba
530 2468 755 2503 obscuriora
773 2468 847 2503 alia
866 2481 982 2504 manu
1006 2469 1105 2504 infra
1124 2481 1281 2505 versum
1301 2470 1432 2505 addita
1451 2475 1555 2505 sunt.

108 2525 122 2545 ⁵
172 2525 234 2560 Nil
254 2525 441 2572 scriptum
459 2532 519 2561 est
537 2526 577 2561 in
594 2527 661 2562 fol.
682 2528 727 2572 48
746 2540 783 2564 v,
811 2529 980 2564 Tantum
999 2529 1194 2574 signatum
1214 2541 1375 2564 numero
1393 2540 1439 2574 49
1457 2528 1598 2572 fuerat,
1618 2540 1667 2563 ex

36 2594 178 2629 errore3
199 2585 268 2619 sed
285 2585 376 2620 dein
394 2585 459 2620 ille
478 2598 663 2621 numerus
681 2589 920 2623 cancellatus
938 2587 1025 2632 fuit3
1046 2588 1211 2635 ideoque
1231 2600 1400 2635 sequens
1418 2588 1485 2623 fol.
1507 2599 1584 2623 non
1598 2600 1666 2623 nu-

5 2661 13 2669 „
36 2654 184 2678 merum
201 2654 247 2689 49
265 2644 334 2679 sed
352 2653 397 2688 50
415 2646 547 2680 habet.

106 2704 121 2724 ⁴
169 2703 259 2747 Ms.,
275 2704 394 2738 illud.

106 2763 119 2783 ⁵
168 2762 234 2797 Bis
265 2761 414 2798 scilicet
444 2768 609 2798 mortem
640 2764 715 2800 sibi
745 2767 989 2802 consciscere
1021 2767 1209 2813 tentavit,
1242 2772 1285 2801 ut
1313 2766 1433 2801 refert
1464 2767 1666 2800 REIFFEN-

35 2828 159 2865 BERG,
177 2821 283 2855 Hist.
305 2821 390 2856 Soc.
401 2820 445 2867 J.
464 2823 518 2856 ad
532 2823 715 2858 Rhenum
734 2825 989 2871 inferiorem,
1010 2826 1041 2872 Ι,
1060 2825 1119 2871 85,
1140 2825 1198 2860 86.
1219 2825 1319 2860 Vide
1338 2825 1455 2860 etiam
1479 2825 1666 2858 BRAUNS-

36 2887 218 2924 BERGER,
240 2879 397 2915 canisii
414 2881 544 2928 epist„
563 2881 616 2927 ΙΙ,
634 2882 695 2929 61,
715 2889 847 2919 annot.
868 2884 902 2920 3.

109 2939 124 2959 ⁶
175 2939 261 2973 Fol.
287 2947 331 2982 52
348 2952 379 2973 r.
400 2951 564 2975 vacuum
589 2943 769 2979 relictum
789 2950 864 2980 est.
