1958 3210
789 72 1005 112 APPENoix
1635 74 1704 124 619

78 173 264 230 doctori,
289 174 470 219 maestri
493 183 538 220 et
560 173 765 233 discipuli
794 178 910 221 della
933 177 1213 234 Cotnpagnia
1243 176 1304 221 fin
1334 192 1358 222 a
1389 190 1459 234 34,
1491 180 1575 223 che
1609 186 1703 222 tro-

79 250 247 279 11613ηο
269 235 377 292 ogni
395 250 500 278 cosa
520 237 739 279 ordinata.
762 236 912 292 Quelli
930 239 1013 279 che
1032 252 1143 280 sono
1161 239 1320 280 adesso
1339 239 1535 294 partiran
1554 239 1594 281 al
1612 240 1703 283 fine

79 297 135 338 de
152 295 304 352 Junio,
330 295 513 338 36106116
535 295 571 338 51
596 296 714 351 possi
737 298 892 339 hauer’
919 304 1068 352 tempo
1092 298 1146 339 de
1170 301 1346 340 metter'
1372 298 1416 340 in
1446 298 1601 341 ordine
1624 313 1703 354 per

79 355 109 397 li
127 354 371 410 sopradetti
393 355 508 396 della
530 355 825 411 Compagnia.
848 357 945 398 Con
965 364 1124 411 questo
1143 373 1166 398 a
1186 359 1245 399 V.
1273 358 1323 400 S.
1352 359 1409 400 R.
1438 357 1480 399 di
1499 372 1607 400 cuor
1631 373 1702 402 me

79 415 413 465 racommando,
445 415 720 470 pregandola
749 417 832 456 6116
860 416 991 457 5311111
1021 415 1062 456 111
1096 416 1183 457 mio
1212 431 1343 459 nome
1371 416 1400 457 li
1430 417 1537 459 Η.ᾶί
1569 417 1702 459 Padri

79 474 355 524 Salmerone,
376 474 465 515 don
485 475 681 516 Polanco
699 481 743 515 et
761 474 1011 516 Cauillonio
1029 473 1140 531 15111,
1163 475 1281 529 quali
1301 476 1403 518 tutti
1422 476 1596 531 pregini
1613 477 1702 520 Dio

77 547 166 588 per.
173 547 263 574 me.
291 532 457 576 Scritto
474 547 498 574 a
516 534 674 583 Roma,
694 533 778 575 alla
801 533 953 588 vigilia
970 535 1072 575 dell
1094 534 1451 578 Annuntiatione
1468 537 1582 579 della
1601 537 1701 592 glo—

76 591 190 635 riosa
215 591 403 647 Virgine
426 591 567 634 Maria
604 593 728 646 1563.
762 594 831 635 De
847 578 916 635 V.
950 594 1003 635 R.
1010 593 1057 627 da
1090 596 1140 635 P.
1171 595 1479 667 11011001611016
1509 572 1699 651 fratello,

785 653 832 694 IL
865 666 1103 695 CARDINAL
1136 655 1181 696 D'
1208 654 1460 697 AUGUSTA.

838 813 940 855 XIII

650 906 850 943 PETRUS
877 908 945 942 DE
972 907 1130 944 ΝΙΖΖΑ

581 1004 617 1034 5.
652 1004 914 1034 FRANCISCO
948 1006 1009 1035 DE
1044 1007 1191 1045 BORJA

537 1079 740 1131 Lovanii,
779 1081 826 1122 18
857 1080 1025 1136 Aprilis
1064 1083 1171 1136 1563
1206 1084 1233 1124 ¹.

71 1170 275 1217 Imagines
293 1169 456 1207 Romae.
471 1166 637 1204 mirante
654 1169 694 1203 S.
711 1168 922 1203 Francisco
936 1170 982 1203 de
999 1169 1140 1215 Rorjcz,
1159 1182 1333 1212 excussis,
1353 1172 1472 1207 Patri
1491 1173 1698 1209 Everardo

613 1228 871 1262 Mercuriano
890 1229 998 1263 mitti
1010 1231 1149 1275 poscit.

161 1309 227 1350 Ex
250 1306 566 1350 commissione
591 1305 737 1348 Patris
769 1306 909 1347 nostri
939 1307 1224 1361 prouincialis
1254 1308 1456 1364 magistri
1481 1311 1696 1354 Euerardi

71 1368 152 1410 has
174 1368 230 1409 ad
253 1374 375 1409 tuam
398 1368 707 1410 Reverendam
735 1365 1055 1409 Paternitatem
1079 1367 1227 1409 scribo
1246 1368 1431 1420 litteras,
1454 1370 1617 1423 quibus
1635 1371 1695 1412 si—

5 1463 11 1471 ,
73 1426 287 1483 gnificare
309 1426 355 1468 in
377 1425 526 1469 animo
548 1432 632 1476 est,
659 1426 779 1480 quod
801 1425 906 1467 huic
930 1425 1053 1467 Patri
1077 1434 1228 1469 nostro
1247 1428 1509 1482 prouinciali
1531 1429 1695 1484 gratis-

73 1486 251 1539 simum,
276 1485 313 1528 si
336 1485 558 1536 foelicem,
585 1492 635 1526 ut
657 1499 904 1540 speramus,
931 1485 1100 1527 exitum
1133 1486 1413 1539 sortirentur,
1435 1496 1567 1532 esset.
1606 1490 1689 1531 Ex-

74 1553 198 1601 optat
229 1544 502 1601 permaxime
537 1547 670 1588 Pater
702 1543 773 1585 hic
807 1551 958 1586 noster
991 1552 1109 1587 tuam
1146 1552 1188 1588 te
1221 1545 1305 1587 sibi
1336 1547 1695 1591 benedictionem

74 1605 261 1649 concedi
282 1604 498 1660 imprimis
515 1610 559 1646 et
581 1610 686 1646 ante
704 1603 867 1645 omnia.
896 1605 1190 1646 Postmodum
1210 1605 1342 1648 etiam
1361 1606 1599 1659 desiderat,
1620 1607 1694 1650 illa

75 1664 256 1717 eximia,
281 1679 370 1720 qua
398 1670 467 1707 est
494 1663 539 1705 in
568 1662 808 1707 Societatis
836 1663 1039 1705 alumnos
1067 1664 1300 1716 charitate,
1326 1664 1545 1720 imagines
1568 1667 1623 1708 ad
1646 1681 1695 1710 se

74 1723 312 1780 impressas
334 1723 502 1778 aliquot
520 1722 651 1774 mitti,
672 1736 775 1764 cum
794 1737 964 1774 omnes,
987 1730 1080 1764 tum
1102 1724 1172 1765 uel
1190 1723 1286 1766 illas
1304 1724 1558 1780 praecipue,
1580 1740 1693 1780 quae

74 1783 280 1826 dominae
308 1790 488 1826 nostrae
521 1781 709 1838 virginis
737 1781 905 1825 Mariae
934 1782 1150 1824 rosarium
1180 1791 1532 1839 repraesentant,
1558 1784 1693 1840 idque

74 1850 199 1886 tanto
220 1842 304 1885 sibi
327 1842 501 1899 gratius
525 1842 727 1884 futurum
750 1842 955 1893 affirmat,
983 1849 1150 1896 quanto
1178 1849 1222 1885 et
1245 1858 1270 1885 a
1297 1844 1395 1885 Tua
1425 1844 1693 1888 Reverentia

72 1903 329 1954 mittentur,
360 1908 405 1944 et
436 1900 591 1944 maiori
623 1900 842 1943 eiusmodi
872 1915 1020 1942 rerum
1049 1901 1093 1942 in
1122 1901 1190 1943 his
1220 1902 1421 1957 partibus
1450 1903 1693 1958 premimur

71 1961 246 2017 inopia,
279 1960 409 2003 cuius
436 1960 743 2003 sanctissimae
771 1959 974 2016 petitioni
1006 1961 1263 2015 optimoque
1298 1962 1518 2005 desiderio
1549 1964 1691 2005 Tuam

73 2023 184 2065 Rev.
209 2020 531 2065 Paternitatem
549 2020 879 2062 satisfacturam
898 2034 975 2075 per
993 2020 1182 2075 primum
1203 2020 1480 2064 tabellarium
1501 2037 1590 2064 non
1608 2024 1692 2064 1111-

73 2081 183 2134 bito,
216 2095 363 2135 neque
393 2080 510 2124 enim
540 2079 620 2122 tibi
654 2082 788 2123 Pater
817 2081 1094 2132 Reverende,
1121 2087 1198 2121 aut
1228 2081 1436 2122 uoluntas
1467 2082 1592 2124 deest
1615 2089 1692 2124 aut

75 2140 339 2183 excudendo
362 2139 470 2195 typi.
497 2138 739 2182 Nesciebat
761 2138 834 2180 ille
863 2153 942 2194 per
972 2140 1114 2181 Tuam
1145 2139 1454 2182 Reverentiam
1482 2142 1691 2184 effectum

75 2214 172 2244 esse
194 2206 245 2241 ut
266 2199 313 2242 in
335 2199 467 2241 domo
490 2198 727 2242 Societatis
751 2205 839 2240 tam
864 2197 1098 2253 religiosae
1116 2198 1334 2254 imagines
1352 2199 1688 2254 effingerentur;

75 2274 153 2315 per
175 2272 247 2302 me
270 2265 420 2302 tamen
451 2257 612 2301 certior
642 2258 802 2309 factus,
831 2264 879 2299 ut
901 2257 1140 2300 scriberem
1169 2265 1213 2300 et
1242 2257 1325 2299 sibi
1355 2265 1524 2300 tantum
1550 2260 1691 2302 bene-

75 2318 226 2361 ficium
256 2317 391 2360 tribui
419 2331 622 2360 curarem
650 2316 902 2372 imperauit,
950 2316 1084 2359 Parui
1114 2318 1177 2373 (ut
1207 2317 1431 2371 decebat);
1459 2325 1524 2369 et,
1557 2333 1690 2372 quam

74 2377 238 2421 obnixe
260 2391 458 2433 possum,
490 2391 602 2433 rogo
632 2384 681 2418 ut
703 2377 759 2419 ad
780 2376 903 2417 illum
927 2375 1145 2431 imagines
1167 2375 1387 2419 eiusmodi
1416 2378 1691 2432 quampluri-

74 2452 170 2480 mas
193 2439 291 2480 Tua
313 2437 576 2480 Reverenda
599 2435 850 2479 Paternitas
875 2435 1161 2477 transmittat.
1189 2436 1324 2490 Quod
1342 2435 1386 2476 ni
1406 2442 1449 2477 te
1467 2451 1599 2491 quam
1624 2436 1689 2479 ci-

73 2496 243 2540 tissime
265 2498 489 2538 tacturum
512 2510 753 2551 sperarem,
779 2502 900 2538 certe
923 2510 1013 2536 non
1031 2501 1125 2537 erat
1143 2508 1222 2536 cur
1239 2494 1493 2537 scriberem.
1517 2495 1691 2538 Pietate

72 2563 222 2600 tamen
243 2555 318 2598 illa
340 2562 416 2609 tua
438 2554 656 2611 singulari
678 2562 722 2598 et
739 2553 1018 2597 humanitate
1037 2555 1192 2605 fretus,
1213 2561 1257 2596 et
1275 2553 1484 2607 scribere,
1505 2561 1549 2598 et
1568 2556 1688 2609 quod

72 2616 239 2658 factum
262 2614 314 2656 iri
336 2629 484 2670 spero,
510 2621 662 2670 petere
691 2629 783 2656 non
812 2612 1032 2656 dubitaui.
1065 2612 1326 2668 Scripsisset
1356 2614 1411 2654 ad
1434 2615 1576 2656 Tuam
1600 2616 1689 2658 Re-

71 2675 310 2718 verendam
330 2673 668 2726 Paternitatem,
688 2673 725 2716 si
742 2672 938 2728 alioquin
958 2672 1036 2714 tibi
1055 2679 1187 2715 notus
1207 2671 1377 2725 fuisset3
1400 2687 1521 2718 meas
1540 2680 1689 2717 tamen

142 2817 154 2838 ¹
202 2818 260 2853 Ex
293 2796 546 2864 autographo,
577 2816 616 2852 in
650 2815 743 2851 cod.
779 2824 829 2859 29
863 2814 915 2860 c),
952 2813 1064 2849 unico
1090 2811 1170 2859 fol„
1192 2821 1260 2848 222
1291 2812 1400 2861 (408).
1434 2813 1531 2849 Vide
1560 2826 1687 2864 supra,

73 2875 160 2915 pag.
183 2873 263 2912 171,
282 2871 412 2901 annot.
432 2874 468 2910 4.
914 2898 917 2900 .
