1958 3210
529 220 780 254 PROOEMmM
808 227 989 254 SECUNm
1017 228 1066 255 vo
1074 227 1241 254 LUM1N1s
1646 229 1699 253 xv

163 324 219 364 Et
242 324 353 364 haec
377 321 431 362 de
455 334 574 361 anno
606 320 712 373 1562
736 318 999 362 brevissime
1022 319 1221 362 innuisse
1244 320 1447 362 sufficiat.

164 397 409 441 Veniamus
426 396 518 451 jam
542 396 598 437 ad
620 409 787 437 annum
813 396 936 449 1563.
970 397 1137 439 Fausta
1160 396 1253 451 jam
1283 396 1327 437 in
1352 396 1505 451 primis
1528 397 1584 440 de
1608 397 1702 439 col—

77 474 195 530 legio
217 473 520 528 oenipontano
543 471 825 524 nuntiantur3
852 471 912 515 ita
942 479 991 514 ut
1020 473 1210 524 fructus,
1237 487 1315 528 per
1344 472 1617 516 Societatem
1641 472 1701 514 ibi

78 549 279 601 collecti,
310 563 486 592 summo
519 548 799 603 imperatoris
834 548 1031 591 animum
1061 549 1229 604 gaudio
1258 550 1469 592 afficiant.
1504 549 1702 593 Aliunde

82 630 132 670 P.
165 627 324 677 Nadal,
356 625 583 668 laboribus
612 625 682 667 sui
710 625 944 669 ministerii
975 625 1156 669 minime
1189 626 1374 678 fractus,
1402 626 1628 669 assiduam
1658 627 1702 668 in

79 702 274 753 monitis,
300 701 485 757 regulis,
512 709 556 744 et
573 701 764 756 dialogis
786 701 1057 744 adornandis
1080 716 1261 757 operam
1284 709 1419 744 navat
1438 703 1508 759 (26
1532 704 1566 745 F
1570 703 1700 759 ebr.).

77 779 220 834 Ipsius
238 777 465 834 gestiones
482 792 560 833 pro
579 778 747 820 tuenda
763 777 925 820 summi
942 778 1168 833 pontificis
1186 778 1454 821 auctoritate
1472 780 1513 835 (9
1551 782 1703 830 Mart.)

76 862 234 912 gratae
255 855 494 898 admodum
517 868 729 897 romanae
752 853 903 897 curiae
924 854 1202 896 acciderunt:
1239 856 1333 897 «De
1362 856 1503 897 Roma
1526 870 1608 897 nos
1632 871 1704 899 es—

77 931 233 975 criuen
261 946 349 985 que
377 933 464 985 hay
494 931 657 972 mucha
691 929 957 972 edificacion
990 933 1053 972 asi
1086 944 1143 972 en
1172 931 1213 974 el
1241 945 1357 985 papa
1391 945 1521 973 como
1552 947 1607 974 en
1639 933 1706 974 los

75 1008 343 1064 principales
365 1006 593 1048 ministros
615 1020 752 1060 suyos
774 1007 830 1048 de
852 1007 919 1048 los
940 1008 1114 1050 buenos
1136 1007 1307 1049 officios
1330 1022 1418 1062 que
1442 1009 1496 1050 V.
1527 1009 1575 1050 R.
1604 1008 1705 1050 hizo

78 1100 135 1128 en
158 1083 411 1139 Hispruch»
439 1085 510 1139 (14
533 1082 699 1137 Mart.).
727 1083 939 1126 Subsidia
968 1085 1023 1126 ab
1053 1083 1149 1138 ipso
1178 1083 1447 1139 imperatore
1476 1099 1556 1140 pro
1579 1085 1706 1128 oeni-

79 1168 276 1216 pontano
304 1159 491 1214 aliisque
525 1158 726 1215 collegiis
762 1159 965 1203 obtinere
998 1167 1213 1215 procurat
1248 1160 1342 1215 ipse
1373 1163 1424 1203 P.
1459 1162 1605 1205 Nadal
1634 1162 1706 1218 (211Γ

79 1237 245 1291 Mart).
268 1236 385 1279 Falsi
403 1250 604 1279 rumores
620 1236 677 1279 de
694 1235 975 1291 imperatoris
993 1235 1039 1278 in
1057 1236 1331 1280 Societatem
1350 1237 1540 1281 adverso
1558 1237 1708 1280 animo

80 1315 247 1357 Romae
269 1312 410 1368 sparsi
433 1320 712 1356 evanescunt
735 1313 776 1369 (9
800 1315 951 1363 Mart.‚
985 1326 1035 1366 14
1058 1320 1103 1356 et
1127 1326 1177 1370 19
1199 1313 1379 1370 April.).

167 1389 475 1445 Collegiorum
499 1388 726 1444 Friburgi,
760 1389 1093 1441 Wratislaviae,
1126 1390 1342 1434 Coloniae
1372 1398 1417 1434 et
1447 1391 1708 1447 Herbipolis

78 1466 204 1509 initia
227 1467 298 1522 (14
319 1473 364 1508 et
388 1479 442 1520 30
466 1468 618 1518 Mart.,
651 1478 700 1519 13
725 1465 888 1520 April,
918 1467 965 1508 18
986 1466 1112 1520 Maj„
1136 1467 1346 1523 29Jun.).
1368 1467 1528 1510 Studia
1545 1469 1709 1510 huma-

79 1544 255 1586 niorum
279 1543 528 1587 litterarum
553 1542 595 1585 in
614 1542 860 1585 Germania
878 1544 1198 1597 promovenda,
1220 1543 1424 1599 magistri
1443 1543 1710 1588 instituendi

83 1623 149 1677 (ΙΙ
176 1620 302 1675 Maj„
329 1626 433 1663 ante
457 1631 481 1661 2
505 1620 666 1675 Sept.).
696 1619 1035 1662 Provinciarum
1058 1619 1331 1663 Germaniae
1354 1620 1552 1676 partitio,
1578 1636 1709 1677 prae-

83 1697 215 1752 positi
232 1695 429 1747 creandi,
444 1695 779 1738 commissarius
797 1695 1142 1751 praeficiendus,
1158 1703 1474 1751 proponuntur
1487 1704 1532 1740 et
1547 1713 1686 1754 appro
1701 1725 1708 1728 -

84 1775 248 1816 bantur
272 1774 342 1830 (19
366 1773 470 1828 Maj.
497 1785 540 1826 4,
567 1773 608 1823 8,
648 1785 698 1815 10
720 1773 858 1829 Jun.).
885 1773 1028 1816 Gesta
1057 1788 1082 1815 a
1121 1774 1177 1815 R*
1207 1772 1390 1815 Canisio
1414 1774 1538 1817 hisce
1560 1775 1713 1817 verbis

85 1866 370 1907 summopere
381 1851 624 1894 laudantur
638 1865 662 1893 a
680 1851 880 1893 Polanco
899 1849 1080 1893 nornine
1101 1853 1151 1893 P.
1174 1852 1356 1895 Lainez:
1383 1870 1399 1890 α
1409 1853 1477 1894 En
1495 1853 1638 1894 Roma
1656 1868 1712 1907 ay

84 1943 195 1985 gran
220 1928 604 1972 contentamiento
627 1929 682 1970 de
704 1928 773 1970 los
796 1927 966 1970 officios
989 1942 1076 1982 que
1099 1942 1147 1970 se
1169 1930 1258 1971 han
1281 1931 1427 1972 hecho
1445 1943 1502 1972 en
1525 1931 1713 1985 Ispruch

84 2020 165 2061 por
190 2007 231 2048 el
262 2007 312 2048 P.
345 2005 553 2048 Canisio»
589 2006 630 2061 (4
652 2005 795 2062 Jun.).
829 2004 1028 2047 Terentii
1057 2006 1317 2050 comoediae
1361 2021 1442 2062 pro
1471 2006 1713 2051 Societatis

84 2082 247 2125 scholis
265 2098 288 2125 a
306 2082 455 2125 Natali
473 2082 682 2138 (Eplzem
705 2082 781 2124 fol.
803 2094 883 2124 120
900 2081 942 2136 v)
962 2089 1007 2124 et
1023 2083 1080 2124 ab
1097 2082 1195 2125 aliis
1213 2083 1574 2140 adornantur(29
1586 2086 1710 2141 Jun.,

90 2160 140 2202 18
163 2160 288 2217 Jul.).
322 2159 444 2202 Libri
473 2158 789 2203 exercitiorum
819 2173 936 2201 nova
971 2158 1108 2201 editio
1140 2159 1344 2202 Viennae
1373 2160 1612 2204 excuditur
1643 2162 1716 2218 (29

87 2238 207 2292 Jun.,
240 2249 290 2294 19
313 2237 419 2280 Oct.
446 2236 568 2291 eto).
957 2293 961 2301 ⁵

173 2313 460 2357 Novitiorum
485 2312 756 2356 institutioni
779 2313 1125 2367 opportuniores
1144 2315 1274 2357 sedes
1294 2315 1449 2357 urbem
1468 2329 1714 2359 monacen-

89 2405 183 2434 sem
204 2406 311 2446 prae
332 2389 660 2432 vindobonensi
682 2390 1071 2445 praebere'censet
1094 2391 1145 2432 P.
1170 2390 1335 2433 Lainez
1354 2391 1579 2448 (29Jun.).
1603 2393 1715 2434 Pra-

87 2461 176 2523 gae'
193 2467 450 2524 collegium,
476 2483 502 2510 a
523 2466 673 2510 Natali
695 2467 1032 2522 perlustratum,
1055 2467 1266 2510 laudibus
1283 2469 1338 2511 ab
1358 2468 1454 2523 ipso
1473 2476 1718 2512 exornatur

90 2545 161 2601 (29
177 2545 316 2601 Jun.).
343 2543 638 2600 Dilingensis,
665 2543 806 2595 initia,
839 2543 1142 2595 difficultates,
1175 2544 1457 2588 conditiones
1488 2545 1533 2587 in
1563 2546 1718 2588 multis

88 2621 223 2675 hujus
245 2620 349 2663 anni
372 2620 571 2676 epistolis
593 2621 925 2675 expenduntur.
954 2619 1161 2664 Videnda
1191 2620 1375 2677 insuper
1397 2621 1443 2664 in
1468 2623 1718 2678 appendice

85 2697 238 2753 gravis
255 2697 444 2752 epistola
460 2696 699 2740 cardinalis
716 2696 976 2752 augustani,
998 2696 1043 2738 in
1062 2712 1150 2753 qua
1169 2697 1325 2740 intima
1343 2698 1478 2741 animi
1498 2699 1566 2742 sui
1585 2715 1718 2742 sensa

87 2781 132 2818 et
178 2780 334 2816 votum
372 2776 469 2817 Deo
506 2775 561 2817 de
598 2776 684 2816 hoc
724 2773 916 2830 collegio
954 2775 1190 2817 condendo
1223 2789 1248 2817 a
1280 2789 1329 2818 se
1376 2777 1578 2819 oblatum
1619 2778 1719 2819 fuse

88 2858 284 2894 enarrat.

166 2927 472 2972 -Tirnaviense
493 2928 734 2984 collegium
757 2927 966 2970 invisitur
989 2943 1013 2971 a
1039 2930 1089 2971 P.
1117 2929 1277 2982 Nadal,
1299 2929 1375 2985 qui
1393 2930 1719 2973 commodiores

91 2993 152 3047 ibi
175 3005 309 3048 aedes
331 3006 635 3060 procurandas
657 3012 811 3048 censet
834 3006 875 3061 (4
898 3006 1024 3060 Maj.,
1059 3018 1106 3048 12
1131 3007 1237 3063 Jul.,
1267 3018 1319 3061 25
1345 3006 1484 3062 Oct).
1514 3006 1718 3051 Societa—
