1958 3210
273 216 341 262 558
893 214 1031 248 EPIST.
1059 213 1105 248 P.
1141 213 1292 249 NADAL

273 316 427 359 cendis
452 314 534 356 fuit
558 322 823 380 occupatus,
850 321 1032 370 propter
1054 284 1241 357 aliorum
1260 315 1636 360 confessariorum
1654 315 1904 371 penuriam,

271 374 678 428 confitentiumque
714 374 1017 429 importunam
1055 373 1337 426 instantiam,
1380 390 1436 418 ex
1473 389 1562 430 quo
1600 389 1744 430 nuper
1781 375 1905 419 venit

274 438 325 477 Ρ.
352 434 505 477 Guido
528 432 857 487 aliquantulum
880 435 1218 485 subleuaturus,
1241 435 1420 476 tandem
1438 434 1513 476 lllo
1530 435 1700 486 labore
1721 441 1770 475 vt
1792 448 1902 477 con—

232 517 241 524 ·
272 493 471 536 tionibus
493 507 652 535 vacare
676 500 842 548 posset.
865 492 1148 547 Sesquianno
1178 494 1270 536 fere
1298 493 1490 549 singulis
1520 493 1679 536 diebus
1707 493 1902 535 domini-

271 553 352 605 cis,
379 559 423 595 et
447 551 572 595 festis
593 552 931 603 celebrioribus,
957 560 1002 594 et
1030 566 1109 607 per
1137 552 1306 607 aliquot
1330 552 1427 596 dies
1455 553 1693 595 continuos
1721 552 1767 594 in
1796 568 1899 608 pas-
1926 605 1929 609 ,

271 612 397 655 sione
421 611 600 654 Domini
625 619 669 654 et
692 611 1035 662 resurrectione,
1063 612 1167 654 foris
1191 611 1485 655 concionatus
1507 620 1590 654 est.
1625 624 1695 654 20.
1723 613 1789 654 Ex
1811 626 1901 666 quo

272 671 545 715 Societatem
569 670 803 726 ingressus
826 678 910 723 est,
932 678 998 713 ter
1022 684 1136 725 pene
1160 671 1215 712 ad
1234 678 1420 714 mortem
1445 671 1696 714 infirmatus
1719 678 1802 713 est:
1828 686 1901 714 se—

271 731 358 772 mel
383 732 538 781 Rome,
565 731 704 772 semel
733 730 928 781 Lutetie,
960 731 1099 772 semel
1130 730 1350 782 Belhomi,
1379 730 1561 785 Parisijs
1590 730 1723 773 etiam
1752 729 1902 772 bianio

272 790 487 832 continuo
527 791 819 833 vehementer
856 789 1073 832 catharris
1110 797 1301 832 vexatus
1334 790 1473 832 fuit...
1511 803 1581 842 24.
1619 791 1814 844 Ideoque
1847 791 1903 832 ad

272 849 579 892 confessiones
602 856 646 891 et
669 849 1010 892 communiones
1033 848 1165 890 etiam
1196 865 1221 892 a
1249 857 1410 891 natura
1439 850 1770 904 quodammodo
1799 864 1904 904 pro—

272 923 454 964 pensus,
482 907 675 952 maxime
699 916 849 950 autem
874 895 993 962 quo'd
1016 908 1113 950 eius
1136 923 1317 963 operam
1341 908 1694 964 quamplurimos
1724 908 1903 951 deside-

273 983 370 1010 rare
388 967 651 1022 conspiciat,
673 969 784 1010 adeo
802 975 849 1009 vt
868 967 1115 1023 sepissime
1130 976 1309 1023 proptei
1328 968 1541 1023 temporis
1559 967 1808 1020 angustias,
1826 976 1904 1010 aut

272 1027 406 1071 etiam
438 1041 544 1082 prae
572 1026 851 1078 lassitudine
878 1027 1087 1069 omnibus
1110 1027 1369 1069 satisfacere
1398 1035 1592 1083 nequeat
1621 1022 1798 1069 ciuibus
1826 1035 1903 1069 aut

271 1086 476 1137 aduenis3
503 1094 739 1142 propterea
762 1087 882 1141 quod
905 1087 961 1129 ad
984 1101 1110 1129 sacre
1129 1087 1382 1142 theologiae
1400 1087 1548 1129 studia
1565 1088 1686 1129 solus
1703 1087 1898 1137 anhelat,

271 1147 342 1189 vel
365 1146 499 1190 etiam
524 1147 581 1187 ob
611 1153 804 1189 aetatem
828 1146 1130 1201 grandiorem,
1157 1161 1244 1200 que
1268 1154 1356 1188 tam
1381 1147 1437 1188 ad
1459 1154 1631 1190 ceteras
1654 1160 1810 1201 parum
1835 1152 1903 1189 est

270 1209 392 1261 apta?
416 1205 521 1248 licet
544 1205 588 1246 in
613 1205 676 1247 eis
700 1220 789 1247 non
818 1212 1024 1248 versatus
1050 1205 1132 1247 fuit
1157 1214 1374 1260 quantum
1400 1206 1519 1247 istud
1548 1205 1689 1261 exigit
1716 1220 1898 1258 munus,

272 1272 447 1320 poterat
470 1272 636 1316 tamen,
663 1265 702 1306 si
724 1265 847 1307 Patri
870 1265 1031 1307 rectori
1054 1265 1199 1307 visum
1226 1265 1399 1316 fuisset,
1427 1280 1514 1307 vna
1537 1279 1640 1310 cum
1664 1264 1902 1307 conuicto-

270 1325 394 1367 ribus
418 1324 528 1375 suis,
557 1331 737 1378 peracto
761 1324 1041 1379 philosophie
1059 1324 1299 1377 curriculo,
1322 1324 1565 1380 magisterij
1588 1326 1784 1366 lauream
1805 1323 1900 1366 adi-

273 1384 385 1439 pisci
416 1384 646 1436 Lutetiae3
680 1385 801 1437 quod
830 1384 1014 1427 minime
1042 1385 1262 1426 hactenus
1300 1385 1467 1426 factum
1497 1391 1579 1426 est.
1616 1384 1765 1426 Prima
1795 1383 1899 1438 Maij

279 1445 406 1497 1562.
438 1445 526 1499 [HL
554 1455 625 1496 27,
653 1443 724 1501 28]
1374 1439 1379 1444 '

365 1516 400 1545 Ι.
467 1504 618 1545 Vocor
651 1503 845 1559 Jacobus
877 1503 1039 1545 δαῖεν.
1083 1515 1126 1544 2.
1175 1503 1337 1545 Habeo
1384 1498 1438 1556 25'
1470 1517 1615 1545 annos
1653 1503 1724 1544 vel
1760 1503 1894 1544 vltra.

271 1576 306 1616 3.
328 1564 438 1606 Sum
464 1576 708 1617 germanus
731 1578 785 1605 ex
816 1562 1125 1617 Oeniponto...
1148 1574 1187 1615 7.
1223 1562 1305 1604 Fui
1324 1576 1499 1617 semper
1516 1562 1559 1603 in
1579 1561 1691 1603 aulis
1709 1561 1830 1616 regis
1859 1568 1904 1604 et

270 1622 454 1677 reginae
476 1636 577 1663 cum
603 1622 690 1663 don
718 1623 833 1665 Pero
857 1623 1012 1672 Lasso,
1040 1621 1115 1676 qui
1141 1621 1223 1663 fuit
1246 1636 1484 1676 supremus
1502 1621 1546 1662 in
1566 1621 1679 1663 aulis
1697 1635 1775 1675 per
1793 1635 1902 1675 pace

268 1679 419 1739 lsicj...
460 1693 525 1723 12.
560 1682 671 1724 Sum
711 1681 755 1722 in
785 1681 1012 1725 Societate
1051 1696 1127 1736 per
1156 1689 1258 1723 octo
1288 1696 1420 1736 quam
1451 1681 1618 1722 dimido
1647 1695 1756 1722 anos
1786 1680 1898 1737 [sic],

267 1749 313 1783 et
335 1756 434 1783 sum
460 1748 673 1795 acceptus
697 1756 722 1783 a
746 1742 800 1783 V.
831 1743 882 1783 R.
917 1741 1176 1783 Viennae...
1210 1753 1275 1793 14.
1309 1742 1469 1783 Habeo
1498 1747 1658 1794 quator
1687 1740 1897 1782 minores.
1957 1762 1958 1796 ς

277 1812 342 1854 15.
376 1800 459 1842 Fui
490 1800 695 1842 Viennae
724 1807 768 1842 et
800 1802 992 1855 Pragae,
1021 1802 1276 1855 Augustae.
1318 1801 1382 1842 16.
1416 1800 1499 1842 Fui
1530 1815 1608 1855 per
1638 1800 1664 1841 6
1692 1814 1800 1842 anos
1830 1814 1902 1841 sa-
1957 1798 1958 1808 ¹

268 1859 492 1902 cristanus
516 1859 734 1903 Viennae.
781 1862 956 1910 Pragae
986 1859 1049 1901 fui
1080 1867 1357 1914 procurator,
1384 1867 1429 1902 et
1461 1858 1595 1901 docui
1626 1858 1671 1900 in
1704 1859 1902 1901 secunda
1957 1852 1958 1864 ¹

267 1920 386 1962 clase
406 1934 483 1974 per
506 1920 685 1961 medum
710 1934 845 1961 anum
870 1919 980 1975 [sec]
1009 1921 1249 1974 Augustae
1273 1919 1336 1960 fui
1360 1919 1575 1962 minister
1609 1919 1694 1972 [HL
1723 1918 1793 1975 20]

366 1991 401 2020 1.
463 1978 657 2033 Jacolms
682 1979 914 2020 szzeneZ.
944 1991 984 2020 2.
1012 1979 1219 2041 Triginta
1243 1985 1435 2031 quatuor
1453 1994 1497 2019 m
1516 1978 1648 2020 circa.
1673 1991 1712 2031 3.
1736 1978 1903 2032 Hispa-

269 2052 371 2088 nus,
405 2037 769 2093 calagurritanae
797 2037 1006 2089 diocesis,
1049 2054 1103 2081 ex
1141 2037 1305 2093 oppido
1339 2038 1521 2080 ciuitate
1560 2044 1820 2092 nuncupato
1849 2036 1904 2077 de

269 2098 465 2152 Nagera.
493 2110 535 2149 4.
564 2098 724 2139 Habeo
748 2112 826 2151 per
850 2097 933 2140 Dei
957 2097 1166 2152 gratiam,
1193 2104 1411 2150 quantum
1437 2096 1657 2148 existimo,
1686 2095 1903 2151 supersti—

270 2164 352 2199 tes.
382 2167 422 2210 5.
448 2159 675 2211 Pauperes
693 2163 799 2198 sunt
817 2157 1144 2210 commodeque
1167 2156 1408 2210 aliquando
1426 2158 1699 2206 habuerunt,
1721 2156 1800 2198 sed
1820 2156 1902 2197 bo·

270 2231 371 2258 nam
398 2223 474 2258 aut
499 2215 710 2257 maiorem
735 2216 963 2258 stabilium
987 2223 1032 2259 et
1061 2215 1249 2258 aliorum
1287 2217 1508 2258 bonorum
1540 2223 1710 2270 partem
1743 2213 1903 2257 uendi—

269 2276 448 2327 derunt,
471 2290 619 2330 neque
643 2276 763 2329 quod
786 2275 871 2317 illis
893 2275 950 2317 sit
973 2275 1081 2317 satis
1105 2276 1160 2317 ad
1184 2282 1349 2317 statum
1372 2275 1491 2318 uitae
1510 2276 1693 2326 habent,
1716 2289 1794 2328 pro
1814 2287 1902 2328 quo

271 2334 439 2390 gratias
463 2349 551 2389 ago
574 2336 687 2385 Deo3
720 2336 805 2376 hoc
833 2334 950 2377 enim
982 2335 1036 2376 ad
1059 2334 1264 2390 'ipsorum
1294 2335 1437 2377 maius
1460 2336 1627 2376 bonum
1658 2340 1702 2375 et
1731 2333 1902 2375 anima—

270 2409 368 2436 rum
392 2395 582 2437 salutem
608 2395 809 2435 futurum
833 2393 986 2436 diuina
1009 2409 1092 2449 ope
1116 2395 1310 2436 confido.
1339 2395 1380 2436 6.
1404 2396 1515 2436 Tres
1538 2407 1713 2435 sorores
1736 2393 1898 2436 habeo:

270 2469 359 2496 vna
382 2461 450 2496 est
472 2453 568 2495 viro
598 2461 739 2508 nupta
761 2460 806 2495 et
834 2468 1019 2508 pauper,
1052 2453 1137 2495 alia
1166 2455 1330 2495 multos
1360 2467 1501 2496 annos
1530 2452 1574 2494 in
1598 2454 1714 2496 lecto
1746 2451 1898 2504 iacuit,

271 2512 399 2567 quasi
423 2512 667 2567 paralitica,
695 2512 826 2555 tertia
848 2527 954 2555 vero
973 2512 1161 2568 innupta
1180 2520 1345 2565 manet;
1367 2514 1571 2566 duosque
1591 2513 1764 2554 fratres:
1791 2512 1902 2554 alter

271 2572 399 2614 ducis
424 2572 689 2627 nagerensis
711 2571 880 2614 curiam
905 2572 1122 2626 sequitur,
1150 2573 1261 2614 alter
1284 2587 1390 2624 vero
1412 2572 1555 2614 sancti
1575 2570 1807 2614 Benedicti
1830 2585 1902 2613 re-

273 2632 487 2687 ligionem
520 2639 587 2674 est
616 2631 863 2687 ingressus.
908 2643 947 2684 7.
982 2631 1164 2674 Curiam
1200 2646 1427 2674 romanam
1467 2637 1510 2672 et
1539 2629 1723 2686 negotia
1754 2630 1903 2684 plures

275 2705 417 2733 annos
439 2690 726 2745 insequutus,
759 2690 916 2732 ultimo
946 2691 1126 2733 tandem
1159 2691 1328 2732 domini
1357 2690 1515 2733 Didaci
1544 2691 1685 2732 Lasso
1710 2687 1928 2733 seruitiis*

274 2750 554 2792 insistebam.
583 2752 622 2792 8.
651 2751 842 2801 Starem,
869 2750 1022 2792 diuina
1044 2750 1206 2805 gratia,
1234 2765 1380 2816 neque
1403 2750 1688 2805 praeferrem.
1714 2763 1756 2801 o.
1784 2749 1924 2813 AnteN

276 2817 471 2865 quatuor
495 2810 587 2852 fere
610 2824 752 2851 annos
774 2809 924 2852 minus
948 2809 1090 2851 tribus
1108 2784 1364 2852 merisibus
1355 2809 1521 2851 1ncirca
1540 2808 1618 2859 fui,
1641 2808 1723 2850 Dei
1743 2813 1902 2862 gratia,
1939 2839 1942 2842 .

277 2876 488 2924 receptus
519 2870 688 2911 Romae
716 2869 761 2910 in
791 2869 924 2911 domo
961 2868 1200 2912 Societatis
1222 2883 1276 2911 ex
1301 2868 1492 2923 collegio
1522 2866 1795 2923 germanico,
1830 2851 1906 2906 ubi

276 2928 509 2970 biennium
551 2928 642 2970 fere
667 2935 992 2979 transegeram:
1028 2942 1177 2983 neque
1206 2927 1333 2971 aliter
1356 2927 1420 2969 fui
1450 2926 1746 2977 examinatus,
1773 2938 1904 2979 quam

276 2988 399 3042 quod
438 2987 787 3030 constitutiones
826 2987 1065 3032 Societatis
1087 2987 1192 3043 legi.
1233 3000 1297 3030 Io.
1325 2988 1539 3030 Nondum
1564 2985 1663 3038 feci3
1690 2992 1735 3027 at
1757 2983 1900 3034 bonis,
