<?xml version="1.0" encoding="UTF-8"?>
<!DOCTYPE html PUBLIC "-//W3C//DTD XHTML 1.0 Transitional//EN"
    "http://www.w3.org/TR/xhtml1/DTD/xhtml1-transitional.dtd">
<html xmlns="http://www.w3.org/1999/xhtml" xml:lang="en" lang="en">
 <head>
  <title>
</title>
<meta http-equiv="Content-Type" content="text/html;charset=utf-8" />
  <meta name='ocr-system' content='tesseract 3.04.00' />
  <meta name='ocr-capabilities' content='ocr_page ocr_carea ocr_par ocr_line ocrx_word'/>
</head>
<body>
  <div class='ocr_page' id='page_1' title='image "./epistolaephieron09nada_0082.png"; bbox 0 0 1958 3210; ppageno 0'>
   <div class='ocr_carea' id='block_1_1' title="bbox 171 211 1240 255">
    <p class='ocr_par' dir='ltr' id='par_1_1' title="bbox 171 211 1240 255">
     <span class='ocr_line' id='line_1_1' title="bbox 171 211 1240 255; baseline 0.004 -11"><span class='ocrx_word' id='word_1_1' title='bbox 171 211 215 255; x_wconf 84' lang='lat'>56</span> <span class='ocrx_word' id='word_1_2' title='bbox 732 212 776 245; x_wconf 93' lang='lat' dir='ltr'>P.</span> <span class='ocrx_word' id='word_1_3' title='bbox 806 211 994 247; x_wconf 77' lang='lat' dir='ltr'>NATALrs</span> <span class='ocrx_word' id='word_1_4' title='bbox 1021 213 1240 248; x_wconf 81' lang='lat' dir='ltr'><strong>EPHEMER.</strong></span> 
     </span>
    </p>
   </div>
   <div class='ocr_carea' id='block_1_2' title="bbox 164 311 1815 2686">
    <p class='ocr_par' dir='ltr' id='par_1_2' title="bbox 169 311 1807 597">
     <span class='ocr_line' id='line_1_2' title="bbox 169 311 1806 370; baseline 0.002 -16"><span class='ocrx_word' id='word_1_5' title='bbox 169 312 419 355; x_wconf 76' lang='lat' dir='ltr'>socordiam</span> <span class='ocrx_word' id='word_1_6' title='bbox 458 311 875 368; x_wconf 78' lang='lat' dir='ltr'>intercipiebantur,</span> <span class='ocrx_word' id='word_1_7' title='bbox 907 314 980 357; x_wconf 88' lang='lat' dir='ltr'>Vel</span> <span class='ocrx_word' id='word_1_8' title='bbox 1017 314 1074 356; x_wconf 88' lang='lat' dir='ltr'>ad</span> <span class='ocrx_word' id='word_1_9' title='bbox 1103 329 1215 370; x_wconf 91' lang='lat' dir='ltr'>quos</span> <span class='ocrx_word' id='word_1_10' title='bbox 1244 315 1540 359; x_wconf 79' lang='lat' dir='ltr'>mittebantur</span> <span class='ocrx_word' id='word_1_11' title='bbox 1562 314 1641 366; x_wconf 91' lang='lat' dir='ltr'>illi,</span> <span class='ocrx_word' id='word_1_12' title='bbox 1663 313 1725 356; x_wconf 91' lang='lat' dir='ltr'>illi</span> <span class='ocrx_word' id='word_1_13' title='bbox 1749 314 1806 357; x_wconf 89' lang='lat' dir='ltr'>ad</span> 
     </span>
     <span class='ocr_line' id='line_1_3' title="bbox 172 388 1807 447; baseline 0.002 -16"><span class='ocrx_word' id='word_1_14' title='bbox 172 391 351 431; x_wconf 76' lang='lat' dir='ltr'>Patrem</span> <span class='ocrx_word' id='word_1_15' title='bbox 395 388 687 432; x_wconf 76' lang='lat' dir='ltr'>remittebant</span> <span class='ocrx_word' id='word_1_16' title='bbox 722 390 990 433; x_wconf 79' lang='lat' dir='ltr'>damnantes</span> <span class='ocrx_word' id='word_1_17' title='bbox 1033 390 1212 433; x_wconf 90' lang='lat' dir='ltr'>illorum</span> <span class='ocrx_word' id='word_1_18' title='bbox 1257 393 1444 435; x_wconf 89' lang='lat' dir='ltr'>Patrum</span> <span class='ocrx_word' id='word_1_19' title='bbox 1487 390 1807 447; x_wconf 80' lang='lat' dir='ltr'>importunita-</span> 
     </span>
     <span class='ocr_line' id='line_1_4' title="bbox 169 465 1804 524; baseline 0.002 -17"><span class='ocrx_word' id='word_1_20' title='bbox 169 474 276 516; x_wconf 89' lang='lat' dir='ltr'>tem,</span> <span class='ocrx_word' id='word_1_21' title='bbox 301 472 388 508; x_wconf 88' lang='lat' dir='ltr'>etc.</span> <span class='ocrx_word' id='word_1_22' title='bbox 416 465 529 507; x_wconf 90' lang='lat' dir='ltr'>Illud</span> <span class='ocrx_word' id='word_1_23' title='bbox 552 465 659 508; x_wconf 90' lang='lat' dir='ltr'>item</span> <span class='ocrx_word' id='word_1_24' title='bbox 682 480 760 521; x_wconf 88' lang='lat' dir='ltr'>per</span> <span class='ocrx_word' id='word_1_25' title='bbox 778 466 924 509; x_wconf 87' lang='lat' dir='ltr'>socios</span> <span class='ocrx_word' id='word_1_26' title='bbox 946 468 1061 510; x_wconf 91' lang='lat' dir='ltr'>fidos</span> <span class='ocrx_word' id='word_1_27' title='bbox 1087 468 1246 511; x_wconf 88' lang='lat' dir='ltr'>fratres</span> <span class='ocrx_word' id='word_1_28' title='bbox 1269 468 1517 524; x_wconf 90' lang='lat' dir='ltr'>prouisum,</span> <span class='ocrx_word' id='word_1_29' title='bbox 1543 476 1592 510; x_wconf 85' lang='lat' dir='ltr'>vt</span> <span class='ocrx_word' id='word_1_30' title='bbox 1617 467 1804 512; x_wconf 82' lang='lat' dir='ltr'>resciret</span> 
     </span>
     <span class='ocr_line' id='line_1_5' title="bbox 171 541 1047 597; baseline 0.005 -14"><span class='ocrx_word' id='word_1_31' title='bbox 171 544 306 584; x_wconf 86' lang='lat' dir='ltr'>Pater</span> <span class='ocrx_word' id='word_1_32' title='bbox 328 541 524 585; x_wconf 88' lang='lat' dir='ltr'>vicarius</span> <span class='ocrx_word' id='word_1_33' title='bbox 546 543 603 585; x_wconf 94' lang='lat' dir='ltr'>ad</span> <span class='ocrx_word' id='word_1_34' title='bbox 626 557 741 597; x_wconf 90' lang='lat' dir='ltr'>quos</span> <span class='ocrx_word' id='word_1_35' title='bbox 764 543 998 587; x_wconf 84' lang='lat' dir='ltr'>venissent</span> <span class='ocrx_word' id='word_1_36' title='bbox 1019 546 1047 587; x_wconf 81' lang='lat'>¹.</span> 
     </span>
    </p>

    <p class='ocr_par' dir='ltr' id='par_1_3' title="bbox 168 619 1810 1201">
     <span class='ocr_line' id='line_1_6' title="bbox 260 619 1800 675; baseline 0.001 -14"><span class='ocrx_word' id='word_1_37' title='bbox 260 620 348 661; x_wconf 85' lang='lat' dir='ltr'>Res</span> <span class='ocrx_word' id='word_1_38' title='bbox 372 633 425 662; x_wconf 91' lang='lat' dir='ltr'>eo</span> <span class='ocrx_word' id='word_1_39' title='bbox 448 619 535 662; x_wconf 90' lang='lat' dir='ltr'>iam</span> <span class='ocrx_word' id='word_1_40' title='bbox 559 620 807 663; x_wconf 88' lang='lat' dir='ltr'>deuenerat</span> <span class='ocrx_word' id='word_1_41' title='bbox 828 627 878 662; x_wconf 85' lang='lat' dir='ltr'>vt</span> <span class='ocrx_word' id='word_1_42' title='bbox 895 621 951 663; x_wconf 92' lang='lat' dir='ltr'>ab</span> <span class='ocrx_word' id='word_1_43' title='bbox 976 621 1209 665; x_wconf 84' lang='lat' dir='ltr'>Bobadilla</span> <span class='ocrx_word' id='word_1_44' title='bbox 1232 621 1294 663; x_wconf 90' lang='lat' dir='ltr'>illi</span> <span class='ocrx_word' id='word_1_45' title='bbox 1311 634 1339 675; x_wconf 79' lang='grc'>4</span> <span class='ocrx_word' id='word_1_46' title='bbox 1358 623 1516 666; x_wconf 86' lang='lat' dir='ltr'>Patres</span> <span class='ocrx_word' id='word_1_47' title='bbox 1538 622 1800 673; x_wconf 90' lang='lat' dir='ltr'>deficerent,</span> 
     </span>
     <span class='ocr_line' id='line_1_7' title="bbox 172 695 1806 754; baseline 0.001 -16"><span class='ocrx_word' id='word_1_48' title='bbox 172 695 460 748; x_wconf 79' lang='lat' dir='ltr'>Paschasius,</span> <span class='ocrx_word' id='word_1_49' title='bbox 481 696 608 739; x_wconf 86' lang='grc'>100</span> <span class='ocrx_word' id='word_1_50' title='bbox 631 696 805 750; x_wconf 87' lang='lat' dir='ltr'>Simon,</span> <span class='ocrx_word' id='word_1_51' title='bbox 832 696 978 749; x_wconf 91' lang='lat' dir='ltr'>Viola,</span> <span class='ocrx_word' id='word_1_52' title='bbox 1006 698 1250 741; x_wconf 85' lang='lat' dir='ltr'>Adrianus.</span> <span class='ocrx_word' id='word_1_53' title='bbox 1275 700 1378 741; x_wconf 93' lang='lat' dir='ltr'>Non</span> <span class='ocrx_word' id='word_1_54' title='bbox 1398 706 1547 741; x_wconf 89' lang='lat' dir='ltr'>tamen</span> <span class='ocrx_word' id='word_1_55' title='bbox 1565 705 1806 754; x_wconf 86' lang='lat' dir='ltr'>propterea</span> 
     </span>
     <span class='ocr_line' id='line_1_8' title="bbox 170 772 1807 829; baseline 0.002 -15"><span class='ocrx_word' id='word_1_56' title='bbox 170 772 252 815; x_wconf 89' lang='lat' dir='ltr'>soli</span> <span class='ocrx_word' id='word_1_57' title='bbox 285 772 577 829; x_wconf 87' lang='lat' dir='ltr'>imperatores</span> <span class='ocrx_word' id='word_1_58' title='bbox 611 774 830 826; x_wconf 89' lang='lat' dir='ltr'>deterriti,</span> <span class='ocrx_word' id='word_1_59' title='bbox 866 775 946 819; x_wconf 89' lang='lat' dir='ltr'>sed</span> <span class='ocrx_word' id='word_1_60' title='bbox 985 775 1184 817; x_wconf 89' lang='lat' dir='ltr'>animum</span> <span class='ocrx_word' id='word_1_61' title='bbox 1223 776 1490 820; x_wconf 90' lang='lat' dir='ltr'>confirmare</span> <span class='ocrx_word' id='word_1_62' title='bbox 1522 775 1735 828; x_wconf 87' lang='lat' dir='ltr'>vicissim,</span> <span class='ocrx_word' id='word_1_63' title='bbox 1762 782 1807 819; x_wconf 92' lang='lat' dir='ltr'>et</span> 
     </span>
     <span class='ocr_line' id='line_1_9' title="bbox 170 850 1806 907; baseline 0.001 -14"><span class='ocrx_word' id='word_1_64' title='bbox 170 850 388 893; x_wconf 88' lang='lat' dir='ltr'>acriorem</span> <span class='ocrx_word' id='word_1_65' title='bbox 417 865 617 907; x_wconf 86' lang='lat' dir='ltr'>pugnam</span> <span class='ocrx_word' id='word_1_66' title='bbox 647 866 820 907; x_wconf 86' lang='lat' dir='ltr'>parare:</span> <span class='ocrx_word' id='word_1_67' title='bbox 853 852 1005 907; x_wconf 88' lang='lat' dir='ltr'>itaque</span> <span class='ocrx_word' id='word_1_68' title='bbox 1033 860 1167 896; x_wconf 89' lang='lat' dir='ltr'>vocat</span> <span class='ocrx_word' id='word_1_69' title='bbox 1188 852 1234 895; x_wconf 93' lang='lat' dir='ltr'>in</span> <span class='ocrx_word' id='word_1_70' title='bbox 1263 853 1334 896; x_wconf 92' lang='lat' dir='ltr'>ius</span> <span class='ocrx_word' id='word_1_71' title='bbox 1364 852 1602 896; x_wconf 86' lang='lat' dir='ltr'>Bobadilla</span> <span class='ocrx_word' id='word_1_72' title='bbox 1625 854 1806 896; x_wconf 88' lang='lat' dir='ltr'>Patrem</span> 
     </span>
     <span class='ocr_line' id='line_1_10' title="bbox 168 926 1804 986; baseline 0.001 -17"><span class='ocrx_word' id='word_1_73' title='bbox 168 926 403 980; x_wconf 83' lang='lat' dir='ltr'>vicarium,</span> <span class='ocrx_word' id='word_1_74' title='bbox 430 929 560 971; x_wconf 87' lang='lat' dir='ltr'>effert</span> <span class='ocrx_word' id='word_1_75' title='bbox 581 928 799 983; x_wconf 91' lang='lat' dir='ltr'>libellum,</span> <span class='ocrx_word' id='word_1_76' title='bbox 825 944 908 972; x_wconf 91' lang='lat' dir='ltr'>nos</span> <span class='ocrx_word' id='word_1_77' title='bbox 931 929 1081 973; x_wconf 88' lang='lat' dir='ltr'>verbis</span> <span class='ocrx_word' id='word_1_78' title='bbox 1105 931 1303 974; x_wconf 88' lang='lat' dir='ltr'>refutare</span> <span class='ocrx_word' id='word_1_79' title='bbox 1335 929 1616 986; x_wconf 87' lang='lat' dir='ltr'>apertissima</span> <span class='ocrx_word' id='word_1_80' title='bbox 1639 929 1804 983; x_wconf 88' lang='lat' dir='ltr'>omnia,</span> 
     </span>
     <span class='ocr_line' id='line_1_11' title="bbox 168 1005 1803 1060; baseline 0.002 -14"><span class='ocrx_word' id='word_1_81' title='bbox 168 1006 291 1060; x_wconf 89' lang='lat' dir='ltr'>quod</span> <span class='ocrx_word' id='word_1_82' title='bbox 314 1005 480 1050; x_wconf 88' lang='lat' dir='ltr'>dificile</span> <span class='ocrx_word' id='word_1_83' title='bbox 503 1020 597 1048; x_wconf 95' lang='lat' dir='ltr'>non</span> <span class='ocrx_word' id='word_1_84' title='bbox 625 1013 737 1058; x_wconf 85' lang='lat' dir='ltr'>erat,</span> <span class='ocrx_word' id='word_1_85' title='bbox 770 1006 996 1051; x_wconf 88' lang='lat' dir='ltr'>dicentem</span> <span class='ocrx_word' id='word_1_86' title='bbox 1022 1007 1299 1050; x_wconf 83' lang='lat' dir='ltr'>Bobadillam</span> <span class='ocrx_word' id='word_1_87' title='bbox 1323 1009 1379 1051; x_wconf 91' lang='lat' dir='ltr'>de</span> <span class='ocrx_word' id='word_1_88' title='bbox 1407 1007 1615 1050; x_wconf 89' lang='lat' dir='ltr'>instituto</span> <span class='ocrx_word' id='word_1_89' title='bbox 1644 1007 1803 1050; x_wconf 85' lang='lat' dir='ltr'>confu-</span> 
     </span>
     <span class='ocr_line' id='line_1_12' title="bbox 170 1083 1810 1141; baseline 0.001 -18"><span class='ocrx_word' id='word_1_90' title='bbox 170 1089 281 1134; x_wconf 87' lang='lat' dir='ltr'>tare,</span> <span class='ocrx_word' id='word_1_91' title='bbox 313 1097 338 1125; x_wconf 94' lang='lat' dir='ltr'>a</span> <span class='ocrx_word' id='word_1_92' title='bbox 369 1097 460 1138; x_wconf 87' lang='lat' dir='ltr'>quo</span> <span class='ocrx_word' id='word_1_93' title='bbox 494 1098 672 1139; x_wconf 90' lang='lat' dir='ltr'>semper</span> <span class='ocrx_word' id='word_1_94' title='bbox 702 1083 787 1126; x_wconf 85' lang='lat' dir='ltr'>fuit</span> <span class='ocrx_word' id='word_1_95' title='bbox 815 1083 1005 1136; x_wconf 78' lang='lat' dir='ltr'>alienus,</span> <span class='ocrx_word' id='word_1_96' title='bbox 1041 1084 1171 1128; x_wconf 91' lang='lat' dir='ltr'>cuius</span> <span class='ocrx_word' id='word_1_97' title='bbox 1199 1100 1376 1141; x_wconf 90' lang='lat' dir='ltr'>semper</span> <span class='ocrx_word' id='word_1_98' title='bbox 1414 1084 1499 1126; x_wconf 87' lang='lat' dir='ltr'>fuit</span> <span class='ocrx_word' id='word_1_99' title='bbox 1526 1083 1810 1140; x_wconf 87' lang='lat' dir='ltr'>imperitissi-</span> 
     </span>
     <span class='ocr_line' id='line_1_13' title="bbox 170 1160 326 1201; baseline 0.006 -1"><span class='ocrx_word' id='word_1_100' title='bbox 170 1173 271 1201; x_wconf 87' lang='lat' dir='ltr'>mus</span> <span class='ocrx_word' id='word_1_101' title='bbox 294 1160 326 1201; x_wconf 73' lang='lat'>².</span> 
     </span>
    </p>

    <p class='ocr_par' dir='ltr' id='par_1_4' title="bbox 164 1236 1807 2054">
     <span class='ocr_line' id='line_1_14' title="bbox 256 1236 1803 1296; baseline 0.002 -17"><span class='ocrx_word' id='word_1_102' title='bbox 256 1236 509 1281; x_wconf 88' lang='lat' dir='ltr'>Videbatur</span> <span class='ocrx_word' id='word_1_103' title='bbox 545 1253 721 1281; x_wconf 90' lang='lat' dir='ltr'>summa</span> <span class='ocrx_word' id='word_1_104' title='bbox 749 1238 755 1296; x_wconf 88' lang='grc' dir='ltr'>Ι</span> <span class='ocrx_word' id='word_1_105' title='bbox 783 1238 1030 1295; x_wconf 84' lang='lat' dir='ltr'>indignitas</span> <span class='ocrx_word' id='word_1_106' title='bbox 1062 1246 1107 1283; x_wconf 89' lang='lat' dir='ltr'>et</span> <span class='ocrx_word' id='word_1_107' title='bbox 1139 1239 1351 1282; x_wconf 86' lang='lat' dir='ltr'>Patribus</span> <span class='ocrx_word' id='word_1_108' title='bbox 1389 1246 1434 1282; x_wconf 87' lang='lat' dir='ltr'>et</span> <span class='ocrx_word' id='word_1_109' title='bbox 1456 1238 1692 1294; x_wconf 79' lang='lat' dir='ltr'>carpensi,</span> <span class='ocrx_word' id='word_1_110' title='bbox 1723 1239 1803 1282; x_wconf 90' lang='lat' dir='ltr'>sed</span> 
     </span>
     <span class='ocr_line' id='line_1_15' title="bbox 166 1313 1804 1372; baseline 0.002 -17"><span class='ocrx_word' id='word_1_111' title='bbox 166 1313 407 1358; x_wconf 89' lang='lat' dir='ltr'>summisse</span> <span class='ocrx_word' id='word_1_112' title='bbox 426 1314 510 1357; x_wconf 89' lang='lat' dir='ltr'>fuit</span> <span class='ocrx_word' id='word_1_113' title='bbox 525 1315 714 1372; x_wconf 88' lang='lat' dir='ltr'>tempori</span> <span class='ocrx_word' id='word_1_114' title='bbox 731 1316 999 1360; x_wconf 90' lang='lat' dir='ltr'>cedendum.</span> <span class='ocrx_word' id='word_1_115' title='bbox 1014 1317 1158 1372; x_wconf 88' lang='lat' dir='ltr'>Saepe</span> <span class='ocrx_word' id='word_1_116' title='bbox 1176 1323 1369 1359; x_wconf 90' lang='lat' dir='ltr'>vocatus</span> <span class='ocrx_word' id='word_1_117' title='bbox 1379 1315 1613 1359; x_wconf 84' lang='lat' dir='ltr'>Bobadilla</span> <span class='ocrx_word' id='word_1_118' title='bbox 1631 1316 1687 1358; x_wconf 88' lang='lat' dir='ltr'>ad</span> <span class='ocrx_word' id='word_1_119' title='bbox 1704 1330 1804 1359; x_wconf 89' lang='lat' dir='ltr'>car—</span> 
     </span>
     <span class='ocr_line' id='line_1_16' title="bbox 169 1393 1806 1449; baseline 0.001 -14"><span class='ocrx_word' id='word_1_120' title='bbox 169 1406 370 1446; x_wconf 89' lang='lat' dir='ltr'>pensem,</span> <span class='ocrx_word' id='word_1_121' title='bbox 398 1393 632 1436; x_wconf 88' lang='lat' dir='ltr'>Bobadilla</span> <span class='ocrx_word' id='word_1_122' title='bbox 654 1408 888 1449; x_wconf 90' lang='lat' dir='ltr'>nunquam</span> <span class='ocrx_word' id='word_1_123' title='bbox 910 1393 1050 1446; x_wconf 84' lang='lat' dir='ltr'>venit,</span> <span class='ocrx_word' id='word_1_124' title='bbox 1078 1393 1253 1437; x_wconf 89' lang='lat' dir='ltr'>causari</span> <span class='ocrx_word' id='word_1_125' title='bbox 1276 1408 1324 1437; x_wconf 85' lang='lat' dir='ltr'>se</span> <span class='ocrx_word' id='word_1_126' title='bbox 1347 1408 1438 1435; x_wconf 89' lang='lat' dir='ltr'>non</span> <span class='ocrx_word' id='word_1_127' title='bbox 1461 1408 1594 1449; x_wconf 89' lang='lat' dir='ltr'>posse</span> <span class='ocrx_word' id='word_1_128' title='bbox 1633 1394 1806 1448; x_wconf 89' lang='lat' dir='ltr'>absque</span> 
     </span>
     <span class='ocr_line' id='line_1_17' title="bbox 167 1469 1807 1522; baseline 0.001 -11"><span class='ocrx_word' id='word_1_129' title='bbox 167 1483 252 1511; x_wconf 88' lang='lat' dir='ltr'>suo</span> <span class='ocrx_word' id='word_1_130' title='bbox 276 1470 498 1512; x_wconf 90' lang='lat' dir='ltr'>aduocato</span> <span class='ocrx_word' id='word_1_131' title='bbox 520 1469 831 1513; x_wconf 90' lang='lat' dir='ltr'>iureconsulto</span> <span class='ocrx_word' id='word_1_132' title='bbox 861 1471 1020 1514; x_wconf 88' lang='lat' dir='ltr'>adesse</span> <span class='ocrx_word' id='word_1_133' title='bbox 1057 1470 1242 1522; x_wconf 81' lang='lat' dir='ltr'>iudicio,</span> <span class='ocrx_word' id='word_1_134' title='bbox 1280 1470 1405 1512; x_wconf 88' lang='lat' dir='ltr'>illum</span> <span class='ocrx_word' id='word_1_135' title='bbox 1438 1484 1538 1514; x_wconf 89' lang='lat' dir='ltr'>esse</span> <span class='ocrx_word' id='word_1_136' title='bbox 1570 1469 1735 1522; x_wconf 84' lang='lat' dir='ltr'>virum,</span> <span class='ocrx_word' id='word_1_137' title='bbox 1757 1477 1807 1512; x_wconf 90' lang='lat' dir='ltr'>vt</span> 
     </span>
     <span class='ocr_line' id='line_1_18' title="bbox 167 1545 1807 1604; baseline 0.001 -16"><span class='ocrx_word' id='word_1_138' title='bbox 167 1545 506 1601; x_wconf 86' lang='lat' dir='ltr'>grauissimum,</span> <span class='ocrx_word' id='word_1_139' title='bbox 532 1547 595 1590; x_wconf 89' lang='lat' dir='ltr'>ita</span> <span class='ocrx_word' id='word_1_140' title='bbox 622 1547 1035 1604; x_wconf 89' lang='lat' dir='ltr'>occupatissimum.</span> <span class='ocrx_word' id='word_1_141' title='bbox 1064 1548 1249 1592; x_wconf 89' lang='lat' dir='ltr'>Veritus</span> <span class='ocrx_word' id='word_1_142' title='bbox 1277 1547 1523 1604; x_wconf 85' lang='lat' dir='ltr'>carpensis,</span> <span class='ocrx_word' id='word_1_143' title='bbox 1564 1563 1623 1591; x_wconf 90' lang='lat' dir='ltr'>ne</span> <span class='ocrx_word' id='word_1_144' title='bbox 1653 1563 1709 1591; x_wconf 86' lang='lat' dir='ltr'>ex</span> <span class='ocrx_word' id='word_1_145' title='bbox 1736 1547 1807 1589; x_wconf 92' lang='lat' dir='ltr'>his</span> 
     </span>
     <span class='ocr_line' id='line_1_19' title="bbox 164 1623 1806 1681; baseline 0.001 -16"><span class='ocrx_word' id='word_1_146' title='bbox 164 1623 534 1667; x_wconf 86' lang='lat' dir='ltr'>contentionibus</span> <span class='ocrx_word' id='word_1_147' title='bbox 571 1625 891 1668; x_wconf 88' lang='lat' dir='ltr'>detrimentum</span> <span class='ocrx_word' id='word_1_148' title='bbox 929 1624 1134 1669; x_wconf 86' lang='lat' dir='ltr'>Societas</span> <span class='ocrx_word' id='word_1_149' title='bbox 1171 1631 1430 1681; x_wconf 89' lang='lat' dir='ltr'>pateretur,</span> <span class='ocrx_word' id='word_1_150' title='bbox 1472 1624 1806 1667; x_wconf 90' lang='lat' dir='ltr'>communicato</span> 
     </span>
     <span class='ocr_line' id='line_1_20' title="bbox 166 1700 1802 1756; baseline 0.001 -14"><span class='ocrx_word' id='word_1_151' title='bbox 166 1700 291 1756; x_wconf 88' lang='lat' dir='ltr'>prius</span> <span class='ocrx_word' id='word_1_152' title='bbox 323 1715 427 1744; x_wconf 91' lang='lat' dir='ltr'>cum</span> <span class='ocrx_word' id='word_1_153' title='bbox 462 1701 673 1745; x_wconf 90' lang='lat' dir='ltr'>Patribus</span> <span class='ocrx_word' id='word_1_154' title='bbox 701 1701 910 1755; x_wconf 90' lang='lat' dir='ltr'>consilio,</span> <span class='ocrx_word' id='word_1_155' title='bbox 945 1703 1167 1745; x_wconf 90' lang='lat' dir='ltr'>aduocato</span> <span class='ocrx_word' id='word_1_156' title='bbox 1196 1701 1456 1754; x_wconf 82' lang='lat' dir='ltr'>Bobadilla,</span> <span class='ocrx_word' id='word_1_157' title='bbox 1489 1701 1554 1744; x_wconf 92' lang='lat' dir='ltr'>sic</span> <span class='ocrx_word' id='word_1_158' title='bbox 1583 1700 1802 1745; x_wconf 83' lang='lat' dir='ltr'>decreuit.</span> 
     </span>
     <span class='ocr_line' id='line_1_21' title="bbox 168 1778 1806 1836; baseline 0.001 -16"><span class='ocrx_word' id='word_1_159' title='bbox 168 1779 305 1821; x_wconf 84' lang='lat' dir='ltr'>Pater</span> <span class='ocrx_word' id='word_1_160' title='bbox 326 1779 439 1822; x_wconf 83' lang='lat'>101</span> <span class='ocrx_word' id='word_1_161' title='bbox 460 1779 635 1836; x_wconf 80' lang='lat' dir='ltr'>(inquit)</span> <span class='ocrx_word' id='word_1_162' title='bbox 655 1781 849 1835; x_wconf 89' lang='lat' dir='ltr'>Laynes,</span> <span class='ocrx_word' id='word_1_163' title='bbox 871 1779 1133 1822; x_wconf 79' lang='lat' dir='ltr'>conuocatis</span> <span class='ocrx_word' id='word_1_164' title='bbox 1151 1786 1196 1824; x_wconf 92' lang='lat' dir='ltr'>et</span> <span class='ocrx_word' id='word_1_165' title='bbox 1210 1779 1365 1835; x_wconf 90' lang='lat' dir='ltr'>primis</span> <span class='ocrx_word' id='word_1_166' title='bbox 1397 1786 1442 1822; x_wconf 89' lang='lat' dir='ltr'>et</span> <span class='ocrx_word' id='word_1_167' title='bbox 1476 1778 1572 1821; x_wconf 88' lang='lat' dir='ltr'>aliis</span> <span class='ocrx_word' id='word_1_168' title='bbox 1593 1778 1806 1822; x_wconf 87' lang='lat' dir='ltr'>Patribus</span> 
     </span>
     <span class='ocr_line' id='line_1_22' title="bbox 167 1856 1802 1912; baseline 0 -14"><span class='ocrx_word' id='word_1_169' title='bbox 167 1856 224 1898; x_wconf 89' lang='lat' dir='ltr'>ad</span> <span class='ocrx_word' id='word_1_170' title='bbox 262 1856 525 1909; x_wconf 88' lang='lat' dir='ltr'>concilium,</span> <span class='ocrx_word' id='word_1_171' title='bbox 565 1872 721 1900; x_wconf 89' lang='lat' dir='ltr'>eorum</span> <span class='ocrx_word' id='word_1_172' title='bbox 754 1856 918 1900; x_wconf 90' lang='lat' dir='ltr'>auditis</span> <span class='ocrx_word' id='word_1_173' title='bbox 950 1856 1207 1912; x_wconf 90' lang='lat' dir='ltr'>sententijs,</span> <span class='ocrx_word' id='word_1_174' title='bbox 1244 1856 1519 1901; x_wconf 88' lang='lat' dir='ltr'>Societatem</span> <span class='ocrx_word' id='word_1_175' title='bbox 1558 1857 1802 1912; x_wconf 85' lang='lat' dir='ltr'>gubernet.</span> 
     </span>
     <span class='ocr_line' id='line_1_23' title="bbox 169 1931 1806 1989; baseline -0.001 -14"><span class='ocrx_word' id='word_1_176' title='bbox 169 1933 507 1976; x_wconf 86' lang='lat' dir='ltr'>Confirmarunt</span> <span class='ocrx_word' id='word_1_177' title='bbox 536 1948 694 1978; x_wconf 89' lang='lat' dir='ltr'>omnes</span> <span class='ocrx_word' id='word_1_178' title='bbox 721 1933 937 1976; x_wconf 87' lang='lat' dir='ltr'>vicarium</span> <span class='ocrx_word' id='word_1_179' title='bbox 970 1936 1026 1976; x_wconf 79' lang='lat' dir='ltr'>P.</span> <span class='ocrx_word' id='word_1_180' title='bbox 1060 1935 1283 1989; x_wconf 89' lang='lat' dir='ltr'>Laynem,</span> <span class='ocrx_word' id='word_1_181' title='bbox 1315 1940 1492 1989; x_wconf 89' lang='lat' dir='ltr'>praeter</span> <span class='ocrx_word' id='word_1_182' title='bbox 1524 1931 1806 1976; x_wconf 88' lang='lat' dir='ltr'>Bobadillam</span> 
     </span>
     <span class='ocr_line' id='line_1_24' title="bbox 166 2010 509 2054; baseline 0.006 -2"><span class='ocrx_word' id='word_1_183' title='bbox 166 2017 214 2052; x_wconf 82' lang='lat' dir='ltr'>et</span> <span class='ocrx_word' id='word_1_184' title='bbox 240 2010 453 2053; x_wconf 86' lang='lat' dir='ltr'>Pontium</span> <span class='ocrx_word' id='word_1_185' title='bbox 478 2012 509 2054; x_wconf 77' lang='lat'>³.</span> 
     </span>
    </p>

    <p class='ocr_par' dir='ltr' id='par_1_5' title="bbox 168 2086 1811 2611">
     <span class='ocr_line' id='line_1_25' title="bbox 260 2086 1810 2145; baseline -0.001 -15"><span class='ocrx_word' id='word_1_186' title='bbox 260 2087 383 2131; x_wconf 90' lang='lat' dir='ltr'>Nihil</span> <span class='ocrx_word' id='word_1_187' title='bbox 405 2088 660 2132; x_wconf 88' lang='lat' dir='ltr'>intercessit</span> <span class='ocrx_word' id='word_1_188' title='bbox 684 2088 932 2141; x_wconf 87' lang='lat' dir='ltr'>Bobadilla,</span> <span class='ocrx_word' id='word_1_189' title='bbox 958 2088 1037 2132; x_wconf 90' lang='lat' dir='ltr'>sed</span> <span class='ocrx_word' id='word_1_190' title='bbox 1056 2087 1153 2132; x_wconf 91' lang='lat' dir='ltr'>eius</span> <span class='ocrx_word' id='word_1_191' title='bbox 1175 2087 1404 2132; x_wconf 91' lang='lat' dir='ltr'>silentium</span> <span class='ocrx_word' id='word_1_192' title='bbox 1433 2086 1656 2145; x_wconf 84' lang='lat' dir='ltr'>[timorem</span> <span class='ocrx_word' id='word_1_193' title='bbox 1678 2086 1810 2130; x_wconf 92' lang='lat' dir='ltr'>nobis</span> 
     </span>
     <span class='ocr_line' id='line_1_26' title="bbox 170 2163 1811 2223; baseline 0 -16"><span class='ocrx_word' id='word_1_194' title='bbox 170 2165 435 2223; x_wconf 88' lang='lat' dir='ltr'>incutiebat]</span> <span class='ocrx_word' id='word_1_195' title='bbox 459 2180 515 2208; x_wconf 93' lang='lat' dir='ltr'>ne</span> <span class='ocrx_word' id='word_1_196' title='bbox 548 2165 781 2208; x_wconf 88' lang='lat' dir='ltr'>moliretur</span> <span class='ocrx_word' id='word_1_197' title='bbox 803 2165 848 2207; x_wconf 90' lang='lat' dir='ltr'>id</span> <span class='ocrx_word' id='word_1_198' title='bbox 877 2167 998 2220; x_wconf 89' lang='lat' dir='ltr'>quod</span> <span class='ocrx_word' id='word_1_199' title='bbox 1026 2164 1232 2221; x_wconf 90' lang='lat' dir='ltr'>carpensi</span> <span class='ocrx_word' id='word_1_200' title='bbox 1269 2171 1338 2207; x_wconf 90' lang='lat' dir='ltr'>est</span> <span class='ocrx_word' id='word_1_201' title='bbox 1366 2164 1580 2216; x_wconf 89' lang='lat' dir='ltr'>minatus,</span> <span class='ocrx_word' id='word_1_202' title='bbox 1622 2163 1707 2206; x_wconf 92' lang='lat' dir='ltr'>nisi</span> <span class='ocrx_word' id='word_1_203' title='bbox 1737 2178 1811 2207; x_wconf 86' lang='lat' dir='ltr'>se-</span> 
     </span>
     <span class='ocr_line' id='line_1_27' title="bbox 168 2241 1805 2298; baseline -0.002 -14"><span class='ocrx_word' id='word_1_204' title='bbox 168 2244 372 2286; x_wconf 89' lang='lat' dir='ltr'>cundum</span> <span class='ocrx_word' id='word_1_205' title='bbox 388 2257 437 2287; x_wconf 88' lang='lat' dir='ltr'>se</span> <span class='ocrx_word' id='word_1_206' title='bbox 454 2243 782 2298; x_wconf 88' lang='lat' dir='ltr'>pronuntiaret,</span> <span class='ocrx_word' id='word_1_207' title='bbox 796 2258 844 2287; x_wconf 89' lang='lat' dir='ltr'>se</span> <span class='ocrx_word' id='word_1_208' title='bbox 862 2243 918 2285; x_wconf 89' lang='lat' dir='ltr'>ad</span> <span class='ocrx_word' id='word_1_209' title='bbox 935 2257 1163 2285; x_wconf 89' lang='lat' dir='ltr'>summum</span> <span class='ocrx_word' id='word_1_210' title='bbox 1181 2241 1441 2297; x_wconf 86' lang='lat' dir='ltr'>pontificem</span> <span class='ocrx_word' id='word_1_211' title='bbox 1460 2241 1805 2297; x_wconf 87' lang='lat' dir='ltr'>appellaturum.</span> 
     </span>
     <span class='ocr_line' id='line_1_28' title="bbox 170 2319 1810 2376; baseline -0.003 -13"><span class='ocrx_word' id='word_1_212' title='bbox 170 2322 329 2376; x_wconf 90' lang='lat' dir='ltr'>Itaque</span> <span class='ocrx_word' id='word_1_213' title='bbox 350 2322 407 2364; x_wconf 90' lang='lat' dir='ltr'>de</span> <span class='ocrx_word' id='word_1_214' title='bbox 429 2319 616 2363; x_wconf 90' lang='lat' dir='ltr'>consilio</span> <span class='ocrx_word' id='word_1_215' title='bbox 640 2322 827 2363; x_wconf 89' lang='lat' dir='ltr'>Patrum</span> <span class='ocrx_word' id='word_1_216' title='bbox 850 2319 992 2362; x_wconf 88' lang='lat' dir='ltr'>adiuit</span> <span class='ocrx_word' id='word_1_217' title='bbox 1022 2319 1215 2362; x_wconf 91' lang='lat' dir='ltr'>Paulum</span> <span class='ocrx_word' id='word_1_218' title='bbox 1246 2320 1297 2361; x_wconf 90' lang='grc' dir='ltr'>Ρ.</span> <span class='ocrx_word' id='word_1_219' title='bbox 1330 2319 1534 2373; x_wconf 78' lang='lat' dir='ltr'>Laynes,</span> <span class='ocrx_word' id='word_1_220' title='bbox 1566 2332 1682 2373; x_wconf 88' lang='lat' dir='ltr'>quae</span> <span class='ocrx_word' id='word_1_221' title='bbox 1711 2323 1810 2359; x_wconf 92' lang='lat' dir='ltr'>tur-</span> 
     </span>
     <span class='ocr_line' id='line_1_29' title="bbox 171 2392 1809 2454; baseline -0.002 -15"><span class='ocrx_word' id='word_1_222' title='bbox 171 2398 380 2441; x_wconf 87' lang='lat' dir='ltr'>bauerint</span> <span class='ocrx_word' id='word_1_223' title='bbox 419 2398 652 2441; x_wconf 87' lang='lat' dir='ltr'>Bobadilla</span> <span class='ocrx_word' id='word_1_224' title='bbox 690 2404 734 2442; x_wconf 89' lang='lat' dir='ltr'>et</span> <span class='ocrx_word' id='word_1_225' title='bbox 765 2396 956 2440; x_wconf 89' lang='lat' dir='ltr'>Pontius</span> <span class='ocrx_word' id='word_1_226' title='bbox 984 2396 989 2454; x_wconf 85' lang='grc' dir='ltr'>Ι</span> <span class='ocrx_word' id='word_1_227' title='bbox 1018 2403 1171 2452; x_wconf 88' lang='lat' dir='ltr'>petere</span> <span class='ocrx_word' id='word_1_228' title='bbox 1189 2411 1214 2438; x_wconf 89' lang='lat' dir='ltr'>a</span> <span class='ocrx_word' id='word_1_229' title='bbox 1237 2395 1530 2439; x_wconf 89' lang='lat' dir='ltr'>Sanctissimo</span> <span class='ocrx_word' id='word_1_230' title='bbox 1549 2395 1582 2448; x_wconf 68' lang='lat'>⁴,</span> <span class='ocrx_word' id='word_1_231' title='bbox 1602 2408 1683 2450; x_wconf 91' lang='lat' dir='ltr'>pro</span> <span class='ocrx_word' id='word_1_232' title='bbox 1711 2392 1809 2438; x_wconf 90' lang='lat' dir='ltr'>eius</span> 
     </span>
     <span class='ocr_line' id='line_1_30' title="bbox 171 2472 1810 2531; baseline -0.003 -13"><span class='ocrx_word' id='word_1_233' title='bbox 171 2475 407 2531; x_wconf 88' lang='lat' dir='ltr'>sapientia,</span> <span class='ocrx_word' id='word_1_234' title='bbox 428 2483 477 2518; x_wconf 85' lang='lat' dir='ltr'>vt</span> <span class='ocrx_word' id='word_1_235' title='bbox 494 2477 610 2518; x_wconf 88' lang='lat' dir='ltr'>hanc</span> <span class='ocrx_word' id='word_1_236' title='bbox 628 2489 811 2517; x_wconf 89' lang='lat' dir='ltr'>causam</span> <span class='ocrx_word' id='word_1_237' title='bbox 829 2473 1099 2530; x_wconf 86' lang='lat' dir='ltr'>intelligere,</span> <span class='ocrx_word' id='word_1_238' title='bbox 1120 2479 1165 2517; x_wconf 88' lang='lat' dir='ltr'>et</span> <span class='ocrx_word' id='word_1_239' title='bbox 1183 2474 1337 2515; x_wconf 87' lang='lat' dir='ltr'>fouere</span> <span class='ocrx_word' id='word_1_240' title='bbox 1356 2472 1632 2516; x_wconf 84' lang='lat' dir='ltr'>Societatem</span> <span class='ocrx_word' id='word_1_241' title='bbox 1656 2485 1708 2514; x_wconf 91' lang='lat' dir='ltr'>ac</span> <span class='ocrx_word' id='word_1_242' title='bbox 1726 2485 1810 2514; x_wconf 91' lang='lat' dir='ltr'>sua</span> 
     </span>
     <span class='ocr_line' id='line_1_31' title="bbox 170 2549 894 2611; baseline -0.003 -16"><span class='ocrx_word' id='word_1_243' title='bbox 170 2552 413 2596; x_wconf 87' lang='lat' dir='ltr'>clementia</span> <span class='ocrx_word' id='word_1_244' title='bbox 440 2566 643 2595; x_wconf 88' lang='lat' dir='ltr'>recreare</span> <span class='ocrx_word' id='word_1_245' title='bbox 671 2549 837 2611; x_wconf 87' lang='lat' dir='ltr'>[vellet]</span> <span class='ocrx_word' id='word_1_246' title='bbox 861 2552 894 2593; x_wconf 84' lang='lat'>⁵.</span> 
     </span>
    </p>

    <p class='ocr_par' dir='ltr' id='par_1_6' title="bbox 264 2625 1815 2686">
     <span class='ocr_line' id='line_1_32' title="bbox 264 2625 1815 2686; baseline -0.002 -14"><span class='ocrx_word' id='word_1_247' title='bbox 264 2629 470 2686; x_wconf 81' lang='lat' dir='ltr'>Benigne</span> <span class='ocrx_word' id='word_1_248' title='bbox 492 2629 668 2672; x_wconf 89' lang='lat' dir='ltr'>audiuit</span> <span class='ocrx_word' id='word_1_249' title='bbox 691 2629 877 2680; x_wconf 90' lang='lat' dir='ltr'>Paulus,</span> <span class='ocrx_word' id='word_1_250' title='bbox 904 2635 950 2672; x_wconf 88' lang='lat' dir='ltr'>et</span> <span class='ocrx_word' id='word_1_251' title='bbox 973 2626 1199 2683; x_wconf 85' lang='lat' dir='ltr'>pollicitus</span> <span class='ocrx_word' id='word_1_252' title='bbox 1223 2633 1291 2671; x_wconf 89' lang='lat' dir='ltr'>est</span> <span class='ocrx_word' id='word_1_253' title='bbox 1315 2640 1363 2669; x_wconf 88' lang='lat' dir='ltr'>se</span> <span class='ocrx_word' id='word_1_254' title='bbox 1381 2625 1601 2671; x_wconf 88' lang='lat' dir='ltr'>Societati</span> <span class='ocrx_word' id='word_1_255' title='bbox 1619 2640 1709 2669; x_wconf 92' lang='lat' dir='ltr'>non</span> <span class='ocrx_word' id='word_1_256' title='bbox 1731 2625 1815 2669; x_wconf 90' lang='lat' dir='ltr'>de—</span> 
     </span>
    </p>
   </div>
   <div class='ocr_carea' id='block_1_3' title="bbox 187 2737 451 2740">
    <p class='ocr_par' dir='ltr' id='par_1_7' title="bbox 187 2737 451 2740">
     <span class='ocr_line' id='line_1_33' title="bbox 187 2737 451 2740; baseline 0 0"><span class='ocrx_word' id='word_1_257' title='bbox 187 2737 451 2740; x_wconf 95' lang='lat' dir='ltr'> </span> 
     </span>
    </p>
   </div>
   <div class='ocr_carea' id='block_1_4' title="bbox 247 2790 1051 3076">
    <p class='ocr_par' dir='ltr' id='par_1_8' title="bbox 254 2790 918 2835">
     <span class='ocr_line' id='line_1_34' title="bbox 254 2790 918 2835; baseline -0.003 -9"><span class='ocrx_word' id='word_1_258' title='bbox 254 2794 263 2813; x_wconf 88' lang='lat'>¹</span> <span class='ocrx_word' id='word_1_259' title='bbox 316 2792 577 2833; x_wconf 80' lang='lat' dir='ltr'>SAccfflNUs,</span> <span class='ocrx_word' id='word_1_260' title='bbox 597 2792 671 2827; x_wconf 86' lang='lat' dir='ltr'>loc.</span> <span class='ocrx_word' id='word_1_261' title='bbox 692 2791 775 2834; x_wconf 59' lang='lat' dir='ltr'>eit„</span> <span class='ocrx_word' id='word_1_262' title='bbox 795 2803 834 2825; x_wconf 90' lang='lat' dir='ltr'>n.</span> <span class='ocrx_word' id='word_1_263' title='bbox 853 2790 918 2835; x_wconf 88' lang='lat'>78.</span> 
     </span>
    </p>

    <p class='ocr_par' dir='ltr' id='par_1_9' title="bbox 252 2850 930 2897">
     <span class='ocr_line' id='line_1_35' title="bbox 252 2850 930 2897; baseline 0.001 -11"><span class='ocrx_word' id='word_1_264' title='bbox 252 2855 265 2873; x_wconf 73' lang='lat'><strong>²</strong></span> <span class='ocrx_word' id='word_1_265' title='bbox 318 2851 578 2897; x_wconf 80' lang='lat' dir='ltr'>SAccfflNUs,</span> <span class='ocrx_word' id='word_1_266' title='bbox 599 2853 675 2886; x_wconf 87' lang='lat' dir='ltr'>loc.</span> <span class='ocrx_word' id='word_1_267' title='bbox 700 2850 784 2896; x_wconf 87' lang='lat' dir='ltr'>cit.,</span> <span class='ocrx_word' id='word_1_268' title='bbox 805 2862 846 2885; x_wconf 88' lang='lat' dir='ltr'>n.</span> <span class='ocrx_word' id='word_1_269' title='bbox 872 2850 930 2887; x_wconf 89' lang='lat'>80.</span> 
     </span>
    </p>

    <p class='ocr_par' dir='ltr' id='par_1_10' title="bbox 247 2908 1051 3017">
     <span class='ocr_line' id='line_1_36' title="bbox 252 2908 1051 2955; baseline -0.004 -9"><span class='ocrx_word' id='word_1_270' title='bbox 252 2913 267 2932; x_wconf 79' lang='lat'>³</span> <span class='ocrx_word' id='word_1_271' title='bbox 318 2912 578 2955; x_wconf 78' lang='lat' dir='ltr'>SAccfflNth,</span> <span class='ocrx_word' id='word_1_272' title='bbox 598 2912 675 2946; x_wconf 88' lang='lat' dir='ltr'>loc.</span> <span class='ocrx_word' id='word_1_273' title='bbox 701 2910 793 2955; x_wconf 85' lang='lat' dir='ltr'>eit.‚</span> <span class='ocrx_word' id='word_1_274' title='bbox 813 2922 883 2945; x_wconf 89' lang='lat' dir='ltr'>nn.</span> <span class='ocrx_word' id='word_1_275' title='bbox 908 2908 969 2954; x_wconf 82' lang='lat'>83,</span> <span class='ocrx_word' id='word_1_276' title='bbox 989 2909 1051 2953; x_wconf 75' lang='lat'>84.</span> 
     </span>
     <span class='ocr_line' id='line_1_37' title="bbox 247 2969 986 3017; baseline -0.004 -11"><span class='ocrx_word' id='word_1_277' title='bbox 247 2973 261 2991; x_wconf 69' lang='lat'>&#39;¹</span> <span class='ocrx_word' id='word_1_278' title='bbox 313 2969 493 3007; x_wconf 86' lang='lat' dir='ltr'>Obscure</span> <span class='ocrx_word' id='word_1_279' title='bbox 509 2971 697 3017; x_wconf 87' lang='lat' dir='ltr'>scripturn</span> <span class='ocrx_word' id='word_1_280' title='bbox 715 2971 788 3005; x_wconf 91' lang='lat' dir='ltr'>hoc</span> <span class='ocrx_word' id='word_1_281' title='bbox 808 2970 986 3004; x_wconf 88' lang='lat' dir='ltr'>verbum.</span> 
     </span>
    </p>

    <p class='ocr_par' dir='ltr' id='par_1_11' title="bbox 247 3029 930 3076">
     <span class='ocr_line' id='line_1_38' title="bbox 247 3029 930 3076; baseline -0.004 -10"><span class='ocrx_word' id='word_1_282' title='bbox 247 3033 260 3052; x_wconf 80' lang='lat'><strong>⁵</strong></span> <span class='ocrx_word' id='word_1_283' title='bbox 313 3031 572 3076; x_wconf 78' lang='lat' dir='ltr'>SAccmNth‚</span> <span class='ocrx_word' id='word_1_284' title='bbox 594 3032 672 3066; x_wconf 85' lang='lat' dir='ltr'>loc.</span> <span class='ocrx_word' id='word_1_285' title='bbox 697 3030 782 3076; x_wconf 86' lang='lat' dir='ltr'>cit.,</span> <span class='ocrx_word' id='word_1_286' title='bbox 803 3042 843 3065; x_wconf 90' lang='lat' dir='ltr'>n.</span> <span class='ocrx_word' id='word_1_287' title='bbox 870 3029 930 3073; x_wconf 84' lang='lat'>84.</span> 
     </span>
    </p>
   </div>
   <div class='ocr_carea' id='block_1_5' title="bbox 1934 0 1958 646">
    <p class='ocr_par' dir='ltr' id='par_1_12' title="bbox 1934 0 1958 646">
     <span class='ocr_line' id='line_1_39' title="bbox 1934 0 1958 646; baseline 0 2564"><span class='ocrx_word' id='word_1_288' title='bbox 1934 0 1958 646; x_wconf 95' lang='lat' dir='ltr'> </span> 
     </span>
    </p>
   </div>
  </div>
 </body>
</html>
