1958 3210
273 220 342 265 548
893 220 1034 255 EPIST.
1067 219 1114 254 P.
1147 219 1184 254 N
1185 228 1298 255 ADAL

268 319 597 376 magisterium,
624 326 670 361 et
692 333 848 364 sacrae
871 320 1132 376 theologiae
1154 335 1336 376 operam
1359 321 1467 365 dare
1489 335 1750 378 coeperam,-
1761 323 1908 380 magis
1938 318 1940 343 ³

270 388 420 422 tamen
443 378 627 434 linguis.
656 379 697 421 8.
726 378 964 422 Omnino
953 394 999 421 1n
1016 379 1227 422 omnibus
1244 381 1388 423 stabo.
1410 395 1452 438 9.
1473 381 1748 425 Sanissimus
1765 397 1902 426 eram.

276 453 340 482 Io.
364 414 536 481 Nulla0
518 437 715 480 omnino.
744 451 810 481 12.
838 440 1008 482 Decem
1029 446 1162 482 erunt
1185 439 1290 482 anni
1311 439 1358 482 in
1375 440 1491 484 festo
1508 440 1707 483 omnium
1725 449 1906 485 sancto—
1935 437 1942 458 ³

270 512 386 550 rum,
415 498 536 552 quod
559 496 777 541 Coloniae
800 504 1010 553 receptus
1034 498 1194 542 fuerim
1219 513 1244 540 a
1267 500 1320 541 R.
1349 501 1400 542 Ρ.
1438 501 1673 543 Leonardo
1702 501 1746 543 in
1770 502 1906 545 domo

268 557 367 600 eius
405 557 526 612 apud
563 559 620 599 D.
656 557 884 599 Vrsulam.
918 557 1212 600 Examinatus
1240 558 1421 612 quidem
1449 566 1558 601 tunc
1590 574 1680 602 non
1709 560 1794 612 fui,
1826 562 1906 604 sed

270 618 456 667 Romae,
484 630 574 670 quo
599 615 702 658 veni
725 631 844 658 anno
868 627 976 671 1553
995 616 1040 659 in
1060 617 1197 660 Maio.
1225 630 1289 672 13.
1313 618 1432 661 Feci.
1461 631 1526 672 14.
1548 619 1770 663 Sacerdos
1786 634 1902 663 sum.

276 686 342 742 Ι5.
370 677 540 718 Romae
559 674 751 718 triennio
770 675 986 728 habitaui,
1008 676 1226 719 Coloniae
1243 676 1414 732 reliquo
1434 684 1649 733 tempore.
1678 679 1743 721 16
1766 680 1906 722 Exer-
1945 711 1948 716 ·

269 735 376 777 citia
402 734 485 777 feci
508 749 587 790 per
616 749 833 787 mensem,
867 747 908 778 2.
916 747 952 769 m
982 743 1027 778 et
1057 749 1097 790 3.
1106 748 1142 770 m
1175 750 1268 779 non
1298 736 1400 789 feci,
1426 749 1468 790 4,
1477 736 1608 781 mfeci
1638 739 1808 804 Romae
1829 753 1909 794 per

269 803 363 837 tres
385 808 579 838 menses
608 793 697 836 Hic
719 794 861 837 doceo
884 794 1210 838 catechismum
1234 771 1481 838 sabbatinis
1503 803 1548 840 et
1570 796 1709 839 sacris
1731 797 1907 840 diebus.

270 855 374 897 Non
396 852 694 896 concionatus
718 868 835 905 sum,
861 855 940 897 sed
964 854 1275 898 confessiones
1299 854 1432 897 audio
1456 863 1710 898 nostrorum
1735 857 1910 900 studio—
1948 883 1951 911 ¹,

269 928 442 956 sorum.
477 924 541 966 17.
571 912 673 956 Alia
696 928 786 955 non
810 913 903 955 scio
926 928 998 957 me
1030 913 1206 967 fecisse,
1238 914 1323 957 nisi
1347 915 1470 969 quod
1492 929 1571 970 per
1593 930 1672 959 sex
1701 931 1843 959 annos
1866 923 1911 960 et
1950 944 1951 947 =

272 973 466 1028 amplius
495 972 568 1014 hic
597 972 843 1016 docuerim.
883 973 949 1015 18.
982 973 1088 1015 Feci
1117 980 1224 1016 vota
1252 973 1490 1018 Societatis
1518 975 1804 1018 scholarium
1839 988 1905 1033 19.
1950 983 1952 988 '

275 1034 401 1075 Bona
425 1031 600 1087 propria
622 1032 746 1074 nulla
768 1033 930 1075 habeo:
957 1033 1138 1086 quando
1160 1040 1285 1088 pater
1306 1032 1436 1086 Viuit,
1457 1033 1621 1086 omnia,
1648 1041 1697 1076 vt
1713 1034 1906 1087 videtur,
1951 1049 1953 1059 ²

272 1098 380 1134 sunt
404 1091 450 1133 in
474 1090 571 1134 eius
595 1098 832 1146 potestate.
861 1103 931 1134 20.
962 1094 1087 1134 Bona
1117 1092 1390 1136 valetudine·
1423 1100 1526 1136 ante
1555 1092 1786 1136 biennium
1809 1108 1909 1137 sca-

272 1150 347 1195 bie
369 1158 560 1194 vexatus
583 1165 699 1192 sum.
734 1163 805 1193 21.
841 1153 1039 1193 Paruum
1062 1166 1250 1195 examen
1274 1151 1513 1196 Societatis
1536 1167 1626 1195 non
1648 1153 1905 1207 habuimus,

273 1210 360 1253 nisi
384 1210 429 1252 in
460 1209 714 1264 Septembri
743 1210 1055 1265 praecedentis
1082 1210 1204 1253 anni.
1236 1212 1401 1254 Nullus
1432 1227 1505 1255 me
1532 1227 1586 1254 eo
1614 1212 1904 1265 examinauit,

273 1271 353 1313 sed
375 1284 462 1325 ego
481 1269 606 1311 alios.
628 1269 974 1313 Confessionem
992 1271 1251 1325 generalem
1270 1270 1462 1326 singulis
1478 1285 1557 1314 sex
1574 1272 1805 1315 mensibus
1825 1271 1909 1316 feci
1957 1308 1958 1319 ,

276 1331 328 1372 R.
366 1331 416 1372 P.
450 1329 708 1380 LeonardO,
743 1328 820 1384 qui
850 1329 981 1372 aliam
1011 1329 1230 1376 rationem
1262 1345 1352 1372 non
1383 1330 1555 1386 cupiuit
1578 1346 1604 1373 a
1638 1346 1708 1374 me
1736 1331 1907 1374 audire.
1957 1327 1958 1332 ¹

276 1401 347 1431 22.
375 1389 604 1431 Constans
632 1403 731 1430 sum
755 1402 859 1431 cum
889 1388 1034 1444 gratia
1065 1389 1172 1442 Dei,
1205 1404 1286 1445 pro
1315 1389 1554 1434 Societatis
1586 1390 1778 1435 vtilitate
1800 1389 1912 1433 mori

276 1455 475 1504 paratus.
505 1461 574 1502 23.
602 1447 873 1491 Indifferens
900 1449 956 1490 ad
986 1448 1149 1492 omnia.
1187 1461 1257 1503 24.
1292 1449 1505 1492 Libenter
1533 1450 1695 1502 doceo;
1722 1450 1913 1493 libenter

275 1507 583 1558 concionarer,
610 1506 647 1549 si
670 1506 873 1563 linguam
892 1508 1120 1551 haberem.
1144 1508 1297 1551 Patria
1313 1508 1491 1564 lingua,
1513 1516 1561 1550 vt
1583 1509 1693 1551 mihi
1716 1509 1911 1563 videtur,

277 1568 489 1610 haberem
514 1567 704 1622 gratiam
734 1566 875 1610 verbi.
909 1568 1041 1610 Hanc
1070 1567 1272 1624 linguam
1302 1568 1605 1624 germanicam
1634 1569 1914 1625 superiorem

274 1626 351 1669 vix
374 1641 557 1681 possum
581 1626 769 1670 discere.

369 1688 457 1728 Pro
475 1685 771 1728 scholasticis.
800 1698 834 1728 Ι.
855 1686 927 1728 Ab
946 1685 1132 1730 ineunte
1154 1693 1302 1729 aetate
1324 1686 1370 1728 in
1387 1686 1547 1741 studijs
1564 1688 1783 1730 educatus
1800 1702 1910 1730 sum.

279 1744 617 1800 Philosophiam
643 1745 832 1788 Louanii
864 1760 942 1801 per
975 1746 1089 1788 duos
1113 1760 1255 1788 annos
1283 1760 1387 1788 cum
1421 1746 1605 1788 dimidio
1633 1746 1811 1790 circiter
1833 1762 1915 1789 au-

277 1804 386 1847 diui.
415 1804 597 1848 Interim
622 1805 667 1846 in
691 1804 935 1858 Societate,
962 1804 1123 1860 partim
1148 1805 1402 1861 theologiae
1425 1806 1578 1848 studui
1602 1808 1786 1858 Romae,
1812 1821 1914 1862 par*

278 1863 358 1906 tim
377 1863 450 1906 hic
469 1864 699 1907 Coloniae:
722 1864 855 1907 etiam
874 1864 1007 1907 docui
1027 1871 1120 1906 toto
1139 1872 1355 1919 tempore,
1371 1879 1460 1919 quo
1478 1865 1551 1907 hic
1569 1865 1751 1917 fuimus,
1771 1880 1914 1920 usque

278 1924 333 1966 ad
359 1925 525 1979 pascha
548 1923 634 1966 iam
665 1924 881 1978 elapsum.
919 1936 959 1966 2.
993 1925 1109 1966 Cum
1140 1924 1291 1967 studio
1318 1924 1470 1967 sanior
1497 1940 1619 1976 sum,
1653 1940 1786 1980 quam
1809 1926 1914 1967 dum

278 1983 416 2026 ocior.
445 1996 484 2037 3.
508 1983 721 2026 Libenter
738 1984 899 2027 studeo
917 1997 1071 2026 sacrae
1090 1983 1360 2039 theologiae.
1385 1983 1585 2040 Linguas
1604 1991 1753 2028 tamen
1770 1984 1916 2026 liben-

280 2042 451 2085 tissime
480 2042 781 2094 addiscerem,
818 2043 923 2097 quia
952 2044 1246 2085 fundamenta
1275 2058 1467 2099 graecae
1496 2050 1539 2086 et
1568 2043 1807 2087 hebraicae
1835 2042 1917 2086 ali-

278 2102 460 2158 quando
483 2102 597 2157 cepi,
625 2102 790 2157 quibus
814 2103 907 2144 fere
929 2117 1007 2157 per
1029 2102 1261 2146 biennium
1285 2103 1437 2145 studui
1461 2111 1566 2146 ante
1592 2102 1831 2147 Societatis
1848 2102 1918 2144 in—

281 2176 505 2214 gressum.
539 2174 581 2214 4.
615 2163 683 2204 De
713 2161 926 2204 memoria
957 2176 1045 2204 non
1077 2163 1268 2204 multum
1304 2162 1453 2206 dicere
1482 2177 1686 2217 possum;
1718 2170 1917 2205 ceterum

282 2220 458 2263 facilius
480 2220 636 2264 videor
658 2221 998 2276 apprehendere
1021 2228 1065 2264 et
1086 2221 1354 2277 intelligere.
1391 2232 1431 2275 5.
1465 2223 1513 2263 In
1543 2221 1823 2277 philosophia
1850 2220 1917 2263 vi-

278 2281 390 2324 deor
409 2280 517 2322 mihi
540 2280 820 2335 aliquantum
844 2280 1125 2336 promouisse
1147 2281 1369 2333 doeend03
1394 2281 1439 2322 in
1465 2281 1690 2337 theologia
1709 2281 1796 2336 jam
1814 2294 1918 2336 pro·

282 2354 445 2383 moueo
469 2339 684 2394 quotidie.
712 2340 748 2382 6.
776 2341 826 2382 In
849 2340 1021 2382 artibus
1044 2340 1222 2395 suscepi
1245 2340 1556 2396 magisterium
1588 2340 1775 2395 Louanij
1800 2353 1917 2382 anno

284 2410 355 2453 513
379 2399 595 2442 Coloniae
617 2400 899 2442 doctoratum
924 2399 969 2441 in
995 2399 1222 2455 theologia
1245 2415 1363 2442 anno
1382 2401 1452 2442 60.
1476 2411 1516 2453 7.
1538 2400 1802 2442 Indifferens
1819 2413 1918 2441 sum

282 2460 338 2500 ad
362 2458 525 2501 omnia.
555 2460 595 2501 8.
624 2458 850 2502 Omnibus
873 2459 926 2514 ijs
950 2460 1085 2502 rebus
1108 2474 1288 2514 operam
1312 2460 1445 2510 dabO,
1472 2473 1587 2514 quae
1610 2458 1917 2514 superioribus

282 2519 477 2574 placent.
516 2533 559 2573 9.
600 2520 699 2574 Ego
730 2519 786 2560 ad
824 2518 973 2560 omnia
1010 2533 1082 2561 me
1118 2525 1323 2573 paratum
1362 2518 1508 2562 sentio
1546 2518 1591 2561 in
1624 2517 1915 2568 conscientia,

283 2577 418 2621 etiam
449 2579 611 2620 docere
641 2592 717 2632 per
746 2592 925 2620 omnem
956 2593 1101 2620 meam
1131 2578 1268 2620 vitam
1292 2577 1338 2620 in
1361 2578 1514 2620 infima
1541 2578 1684 2620 classe
1707 2578 1920 2633 alphabe-

284 2645 396 2679 tum.
425 2637 695 2679 Franciscus
720 2638 953 2680 Costerus.

377 2698 465 2738 Pro
490 2696 732 2749 magistris.
774 2709 809 2739 Ι.
845 2698 998 2739 Doceo
1033 2695 1307 2751 theologiam
1338 2703 1516 2738 nostros
1545 2704 1847 2750 preceptores,
1878 2699 1922 2736 et

285 2755 538 2798 sabbatinis
563 2756 779 2810 festisque
802 2755 962 2799 diebus
986 2755 1224 2799 lectionem
1250 2755 1366 2798 facio
1389 2754 1522 2797 trium
1547 2754 1756 2797 classium
1787 2752 1916 2796 disci-

284 2814 405 2869 pulis
429 2815 474 2858 in
498 2815 774 2858 catechismo
798 2815 964 2858 maiore
987 2814 1188 2870 Canysij,
1215 2814 1351 2869 idque
1373 2830 1398 2856 a
1422 2815 1536 2856 festo
1560 2813 1799 2868 paschatis.
1822 2814 1920 2855 An-

287 2881 360 2917 tea
383 2889 562 2929 semper
580 2874 713 2916 docui
733 2873 1078 2930 philosophiam.
1101 2886 1146 2916 2.
1176 2873 1344 2917 Videor
1361 2873 1469 2915 mihi
1487 2872 1772 2915 mediocriter
1789 2878 1920 2927 aptus

287 2933 342 2974 ad
366 2934 639 2986 docendum,
667 2942 713 2978 et
735 2933 881 2988 aptior
909 2948 1053 2977 essem
1083 2933 1118 2975 si
1148 2933 1388 2988 diligenter
1416 2947 1487 2975 me
1518 2933 1562 2974 in
1594 2931 1764 2987 linguis
1792 2945 1920 2974 exer-

282 2992 496 3046 cuissem,
539 2993 673 3036 etiam
713 2993 867 3036 latina.
909 2992 1130 3048 Discipuli
1168 2992 1251 3035 visi
1288 3000 1396 3034 sunt
1431 2993 1516 3034 sub
1555 3006 1625 3034 me
1655 2989 1914 3047 profecisse.
