1958 3210
270 204 315 237 68
836 199 878 232 P.
909 198 1094 233 NATALIS
1120 199 1337 233 EPHEMER.

273 305 477 352 Portum,
503 299 540 342 si
558 299 620 341 illi
638 299 868 342 videretur
885 312 984 341 esse
1002 297 1297 349 conueniens,
1317 306 1365 340 vt
1384 298 1429 340 in
1445 298 1688 341 Castellam
1706 298 1895 342 veniret:

269 386 314 421 et
332 392 418 433 ego
435 376 615 432 quidem
634 374 745 417 nihil
760 374 823 416 illi
841 373 1216 430 praescribebam,
1235 375 1315 416 sed
1328 375 1473 431 magis
1488 375 1534 417 in
1552 390 1607 419 eo
1624 390 1747 419 eram
1763 381 1811 417 vt
1828 389 1899 418 re-

269 456 399 505 diret,
421 460 465 497 et
484 454 615 509 plane
633 458 791 508 ageret
809 458 854 494 et
876 452 1172 494 confidenter:
1197 450 1243 492 id
1264 451 1397 506 plane
1418 467 1511 495 non
1527 452 1766 496 videbatur
1784 451 1897 506 alijs,

270 530 532 586 praesertim
557 529 845 584 Sayauedrae
875 531 901 569 ¹.

358 608 526 662 Magna
548 613 644 648 erat
666 605 892 662 dificultas
916 604 961 646 in
984 603 1165 646 casibus
1183 604 1440 657 reseruatis,
1462 605 1508 647 in
1526 620 1661 661 quam
1677 604 1903 661 impinge-

268 686 377 727 bant
402 684 494 726 fere
517 697 689 733 omneS,
717 689 761 726 et
780 681 1002 724 Araozius
1021 695 1113 723 non
1137 680 1437 724 mediocriter:
1464 682 1735 726 videbantur
1763 681 1768 739 Ι
1797 695 1904 737 pec-

269 767 370 803 cata
391 760 584 804 venialia
607 758 844 809 reseruari,
870 765 957 801 etc.

359 839 562 893 Ipsorum
585 836 749 879 auditis
773 835 1116 887 difficultatibus,
1142 835 1280 890 subijt
1297 835 1417 877 illam
1435 836 1543 880 dare
1565 836 1901 886 resolutionem,
1957 894 1958 901 ἵ

273 928 388 970 quae
412 914 495 956 fuit
524 914 710 969 probata
739 928 765 955 a
794 914 846 955 P.
876 914 1046 968 Layne,
1072 920 1116 955 et
1139 919 1208 955 est
1230 912 1276 955 in
1299 911 1507 955 manibus
1535 928 1657 956 nunc
1685 912 1899 956 omnium:

272 1006 361 1047 qua
398 991 568 1044 audita,
595 990 705 1032 nihil
743 989 934 1045 amplius
973 989 1211 1045 quisquam
1250 988 1409 1032 habuit
1447 991 1518 1033 vel
1548 990 1811 1033 dificultatis
1832 990 1905 1033 vel

273 1069 415 1124 dubij,
442 1082 494 1111 ac
517 1084 574 1111 ne
598 1066 820 1110 Araozius
843 1066 1041 1122 quidem.
1797 1126 1805 1128 ξ

363 1148 484 1188 Dum
508 1152 696 1200 expecto
719 1158 985 1200 responsum
1009 1159 1034 1186 a
1057 1145 1109 1187 P.
1137 1144 1394 1197 Francisco,
1416 1145 1501 1187 fuit
1518 1144 1625 1187 vtile
1643 1145 1906 1187 Chuencam

274 1220 512 1279 p'roficisci,
539 1230 587 1264 vt
609 1236 792 1278 agerem
816 1236 919 1264 cum
942 1221 1161 1265 canonico
1185 1222 1417 1265 Marchina
1434 1223 1490 1266 de
1509 1221 1771 1265 fundatione
1788 1220 1909 1263 illius

278 1300 455 1356 collegij

363 1413 477 1455 126
500 1427 531 1455 v
865 1426 1137 1464 CHUENCAE,
1166 1426 1313 1456 PRIMO

365 1525 566 1581 Concepi
590 1525 635 1567 in
658 1525 819 1569 itinere
842 1526 1117 1576 catarrhum,
1139 1524 1215 1580 qui
1239 1540 1309 1568 me
1331 1526 1535 1581 exercujt
1556 1532 1683 1568 extra
1705 1524 1907 1569 ordinem

277 1604 522 1646 Chuencae
539 1602 710 1657 aliquot
726 1601 837 1645 dies.
851 1602 957 1644 Fuit
973 1601 1138 1646 dificile
1155 1616 1258 1644 cum
1276 1602 1497 1645 canonico
1510 1601 1743 1645 Marchina
1761 1610 1909 1644 trans-

278 1680 405 1736 igere
428 1680 484 1722 de
503 1680 696 1722 formula
727 1679 1018 1732 fundationis3
1045 1687 1090 1721 et
1121 1686 1271 1722 tamen
1300 1687 1401 1735 post
1430 1680 1594 1722 multas
1618 1679 1909 1735 disceptatio—

280 1771 376 1808 nes,
398 1756 621 1811 superatis
643 1756 853 1798 omnibus
876 1755 1227 1810 difficultatibus,
1254 1764 1532 1799 transactum
1556 1763 1639 1801 est.

368 1832 432 1875 Ibi
456 1832 649 1888 primum
673 1833 882 1876 confecta
904 1832 979 1875 illa
1002 1832 1115 1876 ratio
1142 1833 1435 1886 fundationis,
1461 1840 1509 1875 vt
1532 1833 1673 1877 libere
1696 1833 1909 1876 fundato-

280 1924 352 1953 res
379 1909 634 1962 instituant,
661 1917 706 1953 et
729 1911 886 1953 dotent
909 1910 1167 1966 collegium,
1195 1925 1247 1953 ac
1276 1911 1447 1955 donent
1484 1910 1703 1955 Societati
1741 1912 1912 1966 absque

280 1986 552 2029 conditione.
586 1987 691 2029 ‘127
730 1987 933 2030 Societas
971 1987 1075 2030 dein
1113 1987 1316 2043 recipiat,
1352 1987 1627 2044 praescribat
1656 1987 1764 2042 sibi,
1797 2002 1913 2043 quae

282 2063 391 2106 velit
413 2063 630 2118 praestari
654 2080 679 2106 a
702 2064 795 2106 suis
818 2063 864 2105 in
887 2064 1096 2120 collegio,
1123 2072 1209 2108 etc.
1245 2065 1276 2106 ³.

372 2139 458 2196 Egi
481 2154 583 2182 cum
606 2142 661 2183 D.
687 2142 909 2196 Vergara,
941 2148 986 2184 et
1014 2141 1145 2196 attigi
1168 2141 1286 2183 illam
1316 2141 1629 2194 dificultatem,
1657 2155 1773 2197 quae
1794 2142 1915 2197 apud

284 2217 409 2259 illum
427 2224 522 2259 erat
554 2231 736 2273 magna,
758 2224 806 2258 vt
824 2225 1066 2261 contentus
1086 2218 1253 2260 famulo
1271 2218 1480 2271 seculari,
1492 2225 1697 2260 nostrum
1715 2217 1913 2261 dimitte-

287 2300 355 2337 ret
384 2294 666 2338 Michaelem.
701 2294 786 2350 Egi
815 2295 872 2338 de
903 2294 1167 2337 fundatione
1196 2294 1374 2351 collegij
1406 2294 1729 2351 complutensis
1758 2295 1790 2348 ¹⁴,
1824 2300 1910 2338 etc.

376 2413 484 2455 128
905 2427 1172 2465 COMPLUTI,
1200 2416 1260 2456 2.⁰

373 2527 528 2581 Quum
553 2526 785 2570 rediissem
804 2527 1114 2582 Complutum,
1137 2526 1292 2582 paucis
1310 2526 1470 2570 diebus
1489 2527 1643 2583 accepi
1660 2542 1685 2570 a
1704 2529 1754 2570 P.
1773 2528 1808 2570 F
1811 2542 1914 2570 ran-

283 2602 405 2645 cisco
426 2602 593 2655 literas,
621 2603 786 2658 quibus
809 2602 1010 2647 intellexi
1034 2603 1159 2645 illum
1183 2617 1283 2647 esse
1311 2603 1357 2646 in
1379 2605 1624 2647 Castellam
1653 2611 1912 2648 venturum.

285 2680 441 2734 Itaque
459 2679 543 2721 fuit
566 2680 872 2724 necessarium
898 2687 944 2722 vt
966 2680 1023 2722 ad
1045 2694 1200 2735 regem
1224 2680 1410 2734 adirem,
1438 2688 1484 2725 et
1505 2682 1659 2725 darem
1682 2681 1743 2723 illi
1765 2681 1918 2724 literas

360 2825 369 2843 ¹
421 2822 500 2868 Sic,
520 2835 588 2869 pro
608 2823 853 2859 San-vedrae.
874 2824 933 2858 De
951 2824 1011 2858 his
1031 2823 1290 2869 SACCHINUS,
1311 2825 1384 2859 loc.
1405 2825 1475 2859 cit.
1490 2853 1498 2870 ,
1514 2825 1582 2860 lib.
1603 2833 1642 2868 v,
1662 2836 1699 2860 n.
1725 2832 1760 2859 Ι.

354 2881 368 2901 ’
419 2883 501 2917 Fol.
526 2882 592 2917 126
610 2896 641 2918 r.
662 2895 830 2918 vacuum
849 2888 1043 2919 remanet.

357 2943 370 2961 ³
421 2942 679 2986 SAccfflNUs,
700 2944 772 2977 loe.
794 2942 879 2986 cit.,
895 2955 932 2977 n.
953 2951 989 2987 7.

355 3003 370 3022 ⁴
422 3002 503 3036 Fol.
528 3010 592 3045 127
613 3015 649 3037 v.
672 3003 725 3037 nil
745 3002 934 3049 scriptum
953 3004 1084 3038 habet.
