1958 3210
824 197 909 242 1561
1637 195 1684 239 87

143 302 264 346 Duxi
301 314 477 344 mecum
510 301 560 341 P.
594 298 807 354 Egidium
836 298 1101 352 Goncalem‚
1144 297 1221 352 qui
1259 297 1367 339 mihi
1404 296 1530 339 visus
1568 302 1636 340 est
1672 296 1684 316 ²

57 381 245 423 idoneus
266 378 323 420 ad
345 375 511 419 maiora
534 390 668 430 quam
691 374 1044 419 existimabatur.

146 496 255 539 174
750 507 972 537 ocANNAE

148 605 357 657 Visitaui,
382 611 468 648 etc.
496 604 685 661 Egimus
706 606 762 648 de
787 604 1053 647 fundatione
1076 619 1178 648 cum
1202 604 1433 648 licentiato
1464 610 1532 646 sat
1561 617 1686 646 com-

59 686 206 729 mode.

145 804 251 846 175
751 791 925 843 TOL123T1
961 800 975 819 ²

144 916 310 959 Adhuc
333 919 460 957 erant
483 912 625 955 nostri
647 911 797 955 inillis
818 912 1044 968 angustiis
1066 913 1226 955 domus
1254 911 1569 968 beguinarum.
1604 910 1685 954 Vi-

57 992 205 1044 sitaui,
246 998 333 1035 etc.
373 988 480 1033 Dixi
519 1003 634 1045 quae
656 988 928 1031 videbantur
955 990 1011 1032 de
1041 989 1291 1032 mutatione
1314 989 1475 1030 domus
1500 994 1545 1031 et
1568 1001 1679 1043 aug-

56 1076 209 1113 mento
232 1067 351 1110 illius
373 1066 536 1122 operis,
563 1066 683 1121 quod
706 1072 861 1121 postea
885 1065 1117 1109 successit.
1146 1065 1266 1108 Hinc
1290 1079 1468 1107 rursum
1503 1064 1684 1107 Ocean-

58 1160 177 1197 nam,
203 1141 322 1186 vnde
345 1143 609 1198 Villarejum
634 1143 664 1183 ³.

143 1262 250 1304 174
285 1274 319 1302 v
724 1273 973 1313 VILLAREIJ
1006 1260 1021 1279 ⁴

145 1376 250 1417 Huc
280 1373 385 1416 veni
414 1387 517 1415 cum
550 1374 603 1415 P.
645 1373 850 1425 Carrillo;
892 1381 1163 1416 euocauerat
1207 1373 1325 1416 enim
1363 1387 1435 1416 me
1471 1371 1687 1414 dominus

55 1453 277 1495 Iohannes
307 1451 541 1494 Pachecus
568 1450 626 1493 de
661 1449 939 1493 aedificando
971 1450 1181 1506 collegio.
1226 1448 1565 1493 Humanissime
1602 1463 1686 1491 nos

55 1528 242 1584 accepit.
270 1526 491 1570 Consului
513 1533 561 1568 vt
583 1526 734 1582 potius
756 1526 940 1569 domum
962 1527 1240 1582 probationis
1257 1526 1529 1578 institueret,
1550 1540 1685 1582 quam

55 1605 311 1661 collegium.
339 1605 440 1647 Hoc
462 1618 694 1659 persuaso,
720 1604 838 1646 facta
860 1611 929 1647 est
952 1603 1172 1647 fundatio:
1193 1604 1290 1660 ipse
1307 1603 1501 1660 incoepit
1524 1604 1580 1645 de
1607 1617 1683 1646 ae-

54 1682 202 1725 dificio
225 1681 443 1738 cogitare,
469 1688 555 1725 etc,
585 1682 614 1721 ὅ.

141 1802 249 1844 176
740 1814 998 1844 BELMONTE

140 1913 228 1957 Hic
252 1913 438 1957 miratus
461 1928 560 1955 sum
584 1913 851 1956 industriam
880 1914 990 1957 boni
1013 1913 1218 1969 Siuillanj
1244 1916 1275 1955 ⁶.
1314 1916 1453 1957 Erant
1487 1919 1685 1969 angusto

51 1991 167 2043 loco,
196 1997 393 2046 angusta
414 1990 604 2034 ecclesia
625 1991 884 2043 vtebantur,
905 1991 985 2034 sed
1004 1992 1200 2034 fructum
1218 1998 1287 2034 sat
1305 1991 1502 2047 amplum
1521 1991 1680 2034 affere-

51 2069 174 2111 bant.
206 2069 313 2109 Erat
342 2067 509 2122 duplex
537 2081 639 2123 spes
668 2067 959 2110 fundationis:
992 2083 1081 2111 vna
1111 2083 1136 2111 a
1165 2070 1378 2124 parocho,
1403 2067 1560 2119 diuite,
1587 2066 1680 2121 qui,

51 2143 194 2187 diuisa
211 2144 467 2200 praebenda
488 2143 774 2199 amplissima,
796 2152 840 2188 et
856 2144 1062 2188 instituta
1079 2145 1308 2198 vicariam,
1329 2128 1492 2188 bonam
1510 2150 1683 2199 partem

53 2228 297 2276 prouentus
317 2221 494 2264 volebat
510 2221 703 2278 collegio
720 2221 959 2277 applicare.
982 2223 1084 2265 Hoc
1103 2229 1253 2265 tamen
1276 2237 1366 2265 non
1385 2220 1618 2264 successit.
1650 2220 1656 2276 Ι

53 2289 281 2341 Successit
304 2298 424 2352 quod
446 2297 570 2340 dedit
592 2306 696 2341 ante
719 2298 908 2350 obitum,
935 2299 1054 2342 vnde
1076 2298 1150 2341 illa
1172 2299 1299 2341 initia
1321 2305 1427 2341 sunt
1446 2298 1563 2340 facta
1585 2296 1680 2339 col-

126 2471 136 2490 ¹
187 2470 276 2512 Ms.,
296 2471 396 2504 mihi
415 2471 523 2505 visus
542 2474 597 2505 est
616 2472 732 2506 mihi.

123 2530 136 2549 2
187 2529 265 2563 Res
295 2529 452 2574 collegii
483 2529 770 2575 villaregiensis
794 2531 834 2565 in
859 2532 1099 2578 autographo
1122 2532 1314 2566 habentur
1340 2536 1430 2566 ante
1455 2530 1556 2575 illas,
1581 2541 1679 2576 quae

52 2586 99 2621 ad
117 2588 328 2623 toletanam
347 2588 503 2623 domum
522 2595 714 2636 spectant3
731 2596 773 2625 ut
793 2596 923 2626 autem
943 2591 1036 2626 ordo
1055 2590 1354 2636 chronologicus
1372 2589 1607 2625 visitationis
1626 2594 1682 2624 te—

53 2651 223 2693 neretur,
242 2647 326 2694 ipse
344 2647 467 2683 Nadal
486 2660 568 2683 rem
587 2649 810 2684 emendavit
828 2656 967 2685 notans
992 2651 1122 2685 littera
1146 2651 1166 2684 b
1183 2650 1253 2685 fol.
1280 2658 1346 2695 174
1376 2662 1414 2684 v.
1437 2654 1476 2684 et
1496 2648 1626 2683 littera
1655 2660 1681 2682 a

51 2705 116 2740 fol.
140 2713 204 2750 175
223 2719 253 2741 r.
274 2707 385 2742 Hanc
403 2719 474 2742 nos
493 2708 807 2744 emendationem
827 2710 1038 2756 sequimur,
1059 2715 1101 2744 ut
1126 2710 1164 2744 in
1189 2709 1324 2744 ordine
1349 2709 1529 2744 foliorum
1553 2708 1679 2743 videri

52 2769 195 2809 potest.
1483 2774 1497 2781 ”

121 2824 135 2843 ³
185 2824 229 2858 In
248 2823 314 2859 fol.
338 2834 402 2869 175
422 2838 459 2860 v.
481 2825 533 2860 nil
554 2826 740 2872 scriptum
759 2828 940 2862 habetur.

123 2883 138 2903 ⁴
188 2883 287 2918 Vide
305 2890 436 2919 annot.
457 2894 491 2919 2.

124 2942 136 2978 ³?
187 2941 445 2988 SACCHINUS,
465 2945 538 2979 loc.
559 2945 627 2979 cit.
642 2973 650 2989 ‚
670 2957 710 2979 n.
737 2945 796 2990 48.

126 3000 140 3020 ⁶
189 2999 267 3044 Sic,
287 3013 354 3047 pro
375 3003 586 3045 Sevillani,
607 3004 668 3038 hic
688 3010 728 3039 et
745 3004 860 3039 infra.
