1958 3210
792 130 1012 165 APPENDIX
1646 131 1716 176 673

80 231 294 283 scribere,
321 245 424 273 cum
447 245 580 274 nemo
603 229 883 283 rescriberet;
909 231 988 277 sed
1011 230 1140 274 iustis
1162 230 1536 286 occupationibus
1553 231 1715 274 vestris

87 291 254 333 facturn
277 305 376 334 esse
397 290 544 342 video,
571 290 691 345 quod
720 289 867 331 minus
898 289 1146 342 caeleriter,
1182 304 1317 344 quam
1350 290 1604 346 cupiebam,
1642 305 1713 332 re-

87 364 302 405 sponsum
326 349 490 404 accepi.
516 349 653 404 Quod
677 348 809 392 etiarn
834 348 878 390 in
902 363 1092 392 messem
1109 350 1366 404 plocensem
1384 348 1611 405 operarios
1629 349 1715 390 mi-

88 408 250 461 seritis,
276 409 407 452 Valde
428 408 537 449 mihi
560 415 739 464 gratum
763 407 846 449 fuit
869 422 1162 463 cognoscere:
1184 409 1292 450 faxit
1310 410 1434 452 Deus
1451 416 1500 450 vt
1518 409 1715 450 fructum

90 467 232 510 ferant
256 467 501 522 copiosum,
528 476 572 510 et
593 474 642 508 vt
664 466 825 510 Vilnae
847 481 1028 522 quoque
1056 474 1251 509 vestram
1275 466 1545 511 Societatem
1569 467 1715 510 caele—

87 525 180 568 rius
202 526 354 569 videre
377 541 552 580 queam.
580 527 659 568 Est
682 525 799 567 enim
819 532 911 567 tota
929 525 1178 568 Lithwania
1195 525 1463 581 quibusdam
1481 526 1715 569 horrendis

86 585 348 628 haeresibus
370 584 571 640 grauiter
593 585 802 636 infaecta,
827 599 998 640 paucos
1020 585 1107 627 iam
1125 585 1168 627 in
1187 599 1240 628 ea
1257 585 1502 627 catholicos
1520 584 1715 640 reperire

85 644 204 696 licet,
230 658 286 686 ex
308 643 601 686 nobilioribus
625 643 874 699 presertim.
902 644 992 687 Sed
1015 653 1059 687 et
1082 643 1129 686 in
1151 659 1292 700 regno
1315 644 1453 686 nihilo
1475 644 1630 687 melior
1647 652 1715 686 est

76 710 226 746 >status
248 703 497 758 religionis,
524 717 658 757 quam
682 702 766 744 fuit
788 710 933 745 antea.
962 704 1118 745 Ruunt
1141 702 1186 745 in
1216 703 1414 746 deterius
1442 702 1608 754 omnia,
1641 717 1716 745 sa-

83 761 331 804 thanismus
354 761 490 804 sumit
512 762 647 814 vires,
673 761 874 816 q'uotidie
905 763 1055 816 plures
1084 763 1139 804 ab
1170 762 1406 804 haereticis
1435 768 1716 816 occupantur

70 820 311 863 ecclesiae.
337 821 592 877 Collegium
618 830 765 863 tamen
790 822 1164 876 Brunsbergense
1187 835 1277 863 non
1300 820 1596 876 poenitendos
1617 821 1714 862 fru—

74 887 181 922 ctus
203 881 362 932 adfert,
388 880 628 935 praecipue
651 879 696 921 in
726 887 880 922 tenera
903 879 1142 922 iuuentute
1164 879 1456 931 instituenda,
1482 886 1527 923 et
1550 879 1595 922 in
1618 879 1714 922 dies

83 938 221 982 maior
243 940 293 981 fit
316 954 368 983 eo
391 953 654 991 concursus,
681 938 887 993 quamuis
910 939 1020 980 nihil
1044 939 1314 983 intentatum
1337 938 1552 982 haeretici
1574 937 1711 981 relin-

75 1005 238 1052 quant,
263 1005 310 1040 vt
334 1005 542 1054 parentes
564 999 835 1051 deterreant,
861 998 1103 1052 quominus
1125 998 1289 1041 liberos
1312 1013 1364 1040 eo
1388 1012 1494 1040 suos
1512 996 1710 1049 mittant,

85 1064 129 1101 et
157 1064 224 1101 est
254 1072 324 1106 res
353 1072 443 1100 non
471 1057 615 1113 magis
643 1056 937 1099 admiratione
966 1072 1098 1112 quam
1132 1056 1525 1100 commiseratione
1554 1055 1709 1112 digna,

79 1117 204 1171 quod
226 1117 377 1159 nullus
406 1118 552 1159 adhuc
581 1116 795 1160 inuentus
825 1123 893 1159 est
921 1116 1191 1168 haereticus,
1227 1115 1303 1170 qui
1332 1115 1497 1158 liberos
1525 1130 1579 1158 eo
1608 1129 1714 1158 suos

20 1220 21 1223 ,
80 1176 294 1227 mitteret,
320 1191 379 1219 ne
405 1190 461 1218 ex
488 1175 635 1218 vicina
664 1174 843 1229 quidem
874 1175 1058 1218 ciuitate
1088 1175 1297 1231 Elbinga,
1330 1189 1446 1229 quae
1475 1181 1651 1216 tanturn
1685 1186 1713 1228 4

81 1234 328 1277 miliaribus
364 1234 516 1288 distat,
557 1241 602 1277 et
639 1241 707 1276 est
745 1234 935 1278 ecclesia
971 1248 1097 1278 meae
1125 1233 1468 1289 jurisdictionis,
1501 1234 1713 1287 quodque

81 1293 224 1350 magis
247 1293 409 1336 mirum
431 1301 514 1346 est,
540 1295 596 1337 ad
619 1292 851 1349 primarios
873 1295 1090 1348 quosdam
1120 1293 1293 1336 nobiles
1322 1292 1431 1334 mihi
1460 1292 1708 1344 subiectos,

79 1352 386 1408 ecclesiaeque
409 1368 535 1397 meae
556 1353 747 1395 vasallos
771 1352 979 1408 ablegaui
1003 1353 1239 1408 quosdam,
1273 1359 1320 1395 vt
1353 1366 1462 1394 suos
1494 1351 1610 1394 filios
1638 1350 1710 1393 in-

78 1412 332 1456 stituendos
369 1413 597 1456 traderent
635 1411 851 1456 Societati
886 1419 1079 1463 vestrae,
1121 1426 1234 1466 quos
1262 1411 1358 1466 ipse
1386 1417 1572 1466 sumptu
1608 1424 1709 1453 meo

77 1472 196 1515 alere
220 1472 537 1527 Brunsbergae
560 1470 811 1526 cupiebam,
838 1485 984 1525 neque
1011 1481 1157 1514 tamen
1180 1478 1228 1512 vt
1252 1470 1296 1512 id
1321 1471 1519 1513 facerent
1543 1468 1708 1512 adduci

79 1538 338 1586 potuerunt.
366 1531 545 1573 Accidit
567 1530 717 1582 etiam,
744 1531 864 1585 quod
888 1530 1067 1585 quidam
1090 1530 1252 1572 nobilis
1274 1530 1392 1571 bona
1415 1529 1550 1572 vellet
1573 1528 1617 1570 in
1637 1527 1708 1570 di—

80 1590 201 1632 tione
239 1605 338 1633 mea
374 1604 648 1645 comparare,
690 1589 782 1644 qui,
823 1603 927 1632 cum
965 1604 1054 1631 non
1093 1596 1211 1633 esset
1248 1587 1513 1639 catholicus,
1555 1601 1704 1642 neque

81 1656 231 1693 tamen
254 1649 316 1691 illi
338 1664 506 1705 negare
529 1663 721 1704 possem,
747 1663 849 1691 cum
875 1663 1034 1692 omnes
1056 1650 1215 1690 harum
1246 1655 1465 1690 terrarum
1495 1661 1707 1701 proceres

80 1708 314 1759 instarent,
353 1722 420 1760 ac,
460 1716 507 1751 vt
540 1708 602 1750 illi
646 1708 938 1764 gratificarer,
979 1715 1200 1763 peterent3
1240 1714 1289 1748 vt
1321 1713 1365 1749 et
1404 1705 1707 1748 conscientiae

81 1782 206 1812 meae
243 1768 563 1821 satisfacerem,
603 1774 648 1811 et
685 1767 832 1809 minus
870 1767 1072 1822 grauiter
1108 1766 1232 1808 illum
1265 1766 1556 1818 offenderem,
1596 1764 1702 1815 dixi,

76 1827 214 1882 quod,
240 1827 357 1869 sicut
380 1827 452 1869 ille
475 1841 687 1882 peruersa
709 1826 927 1882 religione
950 1827 1142 1881 quadam
1171 1826 1500 1881 prohiberetur,
1533 1823 1704 1878 quomi-

75 1901 162 1929 nus
185 1886 330 1937 nobis,
358 1888 442 1942 hoc
465 1893 548 1938 est,
575 1900 678 1928 cum
701 1885 891 1928 ecclesia
913 1885 1133 1928 catholica
1155 1883 1524 1934 communicaret,
1551 1882 1614 1925 sic
1633 1898 1705 1924 me

8 1951 10 1954 ’
75 1959 257 2000 quoque
280 1960 386 1988 vera
409 1945 625 2001 religione
647 1944 888 2000 prohiberi,
909 1944 1149 1999 quominus
1168 1944 1208 1987 ei
1226 1943 1486 1999 permittere
1504 1956 1700 1996 possem,

72 2011 123 2046 vt
145 2004 361 2048 ecclesiae
384 2019 510 2048 meae
532 2005 727 2048 vasallus
749 2012 883 2057 esset;
910 2005 990 2048 sed
1013 2019 1085 2047 me
1109 2011 1276 2054 tamen,
1308 2002 1430 2056 quod
1460 2002 1586 2044 salua
1615 2001 1704 2044 fide

72 2078 172 2108 mea
197 2065 344 2108 facere
366 2078 498 2119 posse
520 2063 691 2116 videor,
716 2063 908 2107 libenter
931 2065 1015 2105 hoc
1038 2062 1099 2104 illi
1123 2075 1460 2112 concessurum,
1486 2067 1535 2101 vt
1564 2059 1704 2114 ipsius

72 2123 165 2166 filio
188 2123 302 2165 tradi
324 2131 369 2165 et
391 2123 573 2165 inscribi
596 2124 714 2165 bona
736 2122 1055 2178 permitterem,
1082 2121 1330 2163 dummodo
1353 2134 1455 2162 eum
1480 2118 1587 2160 mihi
1612 2125 1703 2161 tra—

73 2183 201 2226 deret
223 2184 523 2234 educandum,
550 2189 595 2226 et
616 2182 661 2224 in
684 2183 773 2225 fide
795 2182 1039 2224 christiana
1060 2180 1404 2223 instituendum.
1434 2179 1704 2233 Refragatus

75 2249 145 2284 est
166 2242 203 2284 is
227 2241 515 2296 aliquamdiu,
542 2242 722 2285 tandem
746 2256 958 2284 assensus
975 2248 1058 2291 est,
1080 2254 1131 2282 ac
1149 2241 1262 2281 duos
1280 2238 1395 2280 filios
1418 2251 1524 2279 suos
1548 2243 1704 2291 postea

79 2302 414 2356 Brunsbergam
437 2300 573 2353 misit,
600 2300 675 2355 qui
698 2300 831 2343 simul
852 2307 901 2342 vt
933 2298 1323 2342 communicarunt
1345 2297 1432 2338 ritu
1456 2295 1702 2338 catholico—

76 2374 174 2402 rum
213 2374 302 2402 non
340 2360 499 2411 coacti,
526 2361 605 2403 sed
643 2359 812 2415 Spiritu
851 2366 1006 2402 sancto
1035 2364 1329 2413 suggerente,
1365 2362 1470 2399 ante
1497 2368 1699 2396 mensem

77 2426 317 2474 utrumque
340 2419 540 2470 abstulit,
566 2426 626 2471 et,
652 2426 701 2460 vt
722 2418 873 2471 audio,
894 2417 1121 2474 magistris
1140 2415 1377 2460 haereticis
1400 2413 1702 2457 instituendos

76 2479 252 2522 tradere
274 2478 466 2533 cogitat:
492 2493 608 2532 quae
634 2493 703 2520 res
732 2477 1041 2520 incredibilem
1064 2475 1213 2518 animo
1236 2489 1335 2517 meo
1358 2472 1608 2516 molestiam
1631 2480 1700 2514 at-

72 2537 190 2580 tulit,
217 2539 318 2580 Non
342 2537 467 2592 potui
490 2551 686 2590 namque
708 2551 799 2579 non
822 2538 1113 2580 vehementer
1135 2535 1303 2585 dolere,
1326 2533 1465 2587 quod,
1487 2546 1603 2586 quos
1624 2546 1700 2574 so-

69 2597 137 2639 los
160 2596 407 2639 haereticos
436 2595 698 2651 parentibus
728 2603 858 2638 natos
881 2594 1064 2638 Christo
1092 2592 1368 2636 lucrifecisse
1396 2590 1597 2642 videbar,
1623 2605 1700 2633 eos

68 2655 247 2707 abduci,
274 2662 322 2697 vt
344 2655 389 2696 in
413 2655 534 2697 aliud
552 2654 841 2710 euangelium
861 2655 1227 2703 transferrentur,
1248 2652 1503 2694 cernebam.
1526 2651 1698 2692 Verum

67 2716 180 2758 haec
203 2723 271 2758 est
293 2722 491 2770 potestas
515 2715 817 2757 tenebrarum.
839 2713 962 2756 Nihil
984 2713 1107 2768 n[on]
1134 2709 1381 2766 sathana[e]
1407 2708 1698 2764 permittitur,

72 2780 121 2815 vt
143 2780 347 2816 sanctum
371 2775 457 2816 hoc
484 2772 741 2815 institutum
770 2772 815 2814 in
846 2771 995 2828 pueris
1024 2777 1179 2814 sancte
1211 2767 1457 2813 educandis
1485 2767 1702 2822 impedire

72 2839 222 2887 queat.
247 2833 553 2887 Quamobrem
575 2838 621 2874 et
642 2833 729 2875 hoc
751 2831 837 2874 iam
861 2830 1100 2873 consilium
1134 2837 1316 2884 captum
1347 2827 1432 2870 fuit
1464 2843 1489 2870 a
1521 2826 1697 2876 vicinis,

42 2910 46 2913 ·
73 2905 130 2936 ne
153 2891 262 2946 quid
283 2906 432 2933 rerum
460 2890 506 2933 in
535 2890 751 2947 oppidum
780 2891 890 2933 illud
920 2904 1073 2941 meum
1099 2888 1418 2944 importaretur
1447 2886 1503 2928 ad
1531 2885 1703 2928 victum
