1958 3210
254 196 324 231 662
666 241 668 243 v
873 195 1015 231 EPIST.
1046 195 1076 229 P
1085 219 1094 230 .
1127 194 1279 230 NADAL
1938 208 1958 236 ε,

345 296 517 351 Accepi
552 298 560 317 ¹
600 295 751 339 literas
789 297 842 339 R.
885 298 938 339 Ρ.
965 298 1021 340 V.
1065 311 1095 339 Χ
1132 294 1405 340 Nouembris
1443 296 1586 348 datas,
1613 294 1777 351 quibus
1813 310 1897 351 per

256 355 394 398 alium
420 354 719 407 tabellarium,
751 356 850 398 Deo
881 357 997 400 bene
1024 356 1233 408 iuuante,
1259 355 1565 411 respondebo,
1598 353 1727 397 cuius
1759 368 1898 410 opera

256 430 346 457 non
371 414 520 457 minus
545 415 734 458 fortasse
758 415 963 458 celeriter
985 417 1070 459 hec
1093 429 1228 470 quarn
1252 414 1325 457 ille
1347 414 1647 470 perferentur.

346 475 399 516 P.
427 475 484 517 V.
512 474 650 517 frater
672 473 718 516 in
741 474 939 526 Christo,

651 534 972 586 STANISLAUS,
1009 547 1297 577 CARDINALIS
1330 534 1650 576 VARMIENSIs.

221 645 224 648 ⁴
344 593 590 647 Inscriptio
613 593 662 634 in
687 597 853 648 quarta
868 594 1068 649 pagina:
1091 594 1205 636 Rdo.
1229 592 1369 644 Patri,
1391 591 1755 649 dominoJacobo
1774 591 1892 647 Lay-

254 666 350 705 nes,
391 665 547 694 sacrae
586 652 844 708 theologiae
882 652 1078 705 doctori,
1120 652 1321 708 generali
1357 651 1612 707 praeposito
1655 650 1897 695 Societatis

247 713 374 768 Jesu,
401 711 447 753 in
471 711 653 754 Christo
677 711 940 755 charissimo
963 719 1008 755 et
1031 712 1310 754 honorando.
1331 712 1439 753 Alia
1461 725 1624 753 manu:
1653 711 1775 765 1565.
1796 711 1893 754 He—

253 771 438 827 lisperg.
467 771 601 814 Card.
630 771 902 816 varmiense.
936 773 978 814 X
1002 771 1047 814 di
1064 773 1249 829 Jenaro.
1283 771 1440 827 Sigzssllz'
1460 771 1720 828 vestigium.

998 923 1145 965 XLVI

764 1015 943 1053 OTTO
983 1015 1382 1052 TRUCHSESS

827 1093 1032 1129 cardinalis
1052 1100 1292 1140 augustanus

744 1186 885 1215 PATRI
919 1186 1101 1226 JAcosso
1134 1186 1309 1216 LAINEZ
1344 1174 1405 1228 (ἲ).

657 1261 892 1317 Dilingae,
943 1263 998 1305 26
1031 1261 1236 1319 Januarii
1286 1263 1395 1316 1565
1442 1263 1478 1304 ².

585 1350 645 1385 De
664 1351 841 1396 quadam
856 1351 1036 1397 procella
1055 1351 1098 1386 in
1119 1351 1353 1386 Societatem
1372 1351 1559 1386 excitata.

343 1429 484 1471 Molto
504 1429 617 1470 Rdo.
640 1428 685 1470 in
704 1430 822 1483 Xpo.
845 1429 1036 1472 fratello.
1060 1430 1124 1472 La
1141 1429 1301 1472 lettera
1319 1428 1363 1470 (11
1382 1430 1438 1472 V.
1468 1430 1520 1471 P.
1543 1431 1595 1472 R.
1623 1428 1683 1471 mi
1706 1431 1764 1472 ha
1782 1444 1885 1485 por-

256 1495 350 1530 tato
375 1488 513 1530 molta
530 1487 854 1539 consolatione,
880 1489 998 1532 nella
1021 1490 1153 1543 quale
1188 1490 1217 1530 l’
1243 1490 1267 1531 e
1291 1488 1487 1544 piaciuto
1517 1488 1658 1531 darmi
1687 1496 1823 1531 conto
1847 1488 1891 1531 di

253 1555 424 1602 quanto
447 1549 628 1591 haueua
650 1547 797 1591 inteso
819 1548 892 1591 dal
912 1549 1059 1592 Padre
1081 1549 1171 1591 don
1192 1547 1325 1604 Luigi
1350 1549 1363 1568 ³
1383 1555 1426 1591 et
1445 1549 1501 1590 da
1518 1549 1561 1590 la
1577 1549 1739 1592 lettera
1760 1548 1892 1590 scrit-

253 1608 341 1650 tale
364 1608 420 1649 (13
443 1622 533 1651 1116.
569 1609 643 1650 Μ3
667 1607 793 1663 sappi
817 1614 942 1651 certo
965 1609 1064 1661 6116,
1091 1622 1140 1651 se
1164 1609 1268 1651 ben'
1300 1607 1341 1649 io
1365 1622 1559 1650 conosca
1586 1609 1628 1651 le
1659 1608 1779 1651 forze
1802 1607 1891 1651 mie

252 1668 391 1710 esser'
416 1666 552 1709 debili
592 1666 780 1722 rispetto
804 1667 846 1709 al
869 1667 1018 1710 animo
1041 1669 1125 1710 che
1158 1667 1286 1723 piace
1323 1668 1364 1710 al
1403 1666 1574 1723 Signor
1602 1666 1689 1710 Dio
1713 1666 1756 1709 di
1781 1681 1890 1722 por-

249 1725 409 1781 gernfi,
437 1740 568 1782 spero
592 1726 867 1769 nondimeno
891 1729 1042 1769 ancor'
1075 1727 1144 1769 601
1183 1734 1334 1782 tempo
1363 1728 1446 1769 che
1485 1727 1531 1770 S.
1561 1728 1622 1769 M.
1650 1726 1806 1768 diuina
1829 1726 1888 1768 mi

249 1787 355 1828 (lara
373 1794 501 1841 poter
524 1786 581 1828 da
605 1787 685 1828 far'
707 1800 793 1828 con
816 1785 911 1828 uiui
935 1786 1077 1830 effetti
1100 1800 1345 1830 conoscere
1367 1787 1408 1829 la
1431 1785 1669 1842 ingenuita
1697 1787 1769 1829 del
1792 1785 1889 1828 ani-
1923 1782 1929 1788 '

248 1860 322 1887 mo
348 1845 452 1897 mio,
480 1860 609 1889 come
632 1845 855 1898 desidero,
877 1846 1276 1901 particularmente
1297 1860 1427 1888 uerso
1444 1846 1486 1888 la
1503 1861 1586 1889 sua
1604 1846 1887 1897 santa-Coma

250 1904 417 1960 pagnia
440 1905 512 1948 del
529 1906 656 1961 Jesu,
683 1920 762 1960 per
785 1905 971 1948 seruitio
994 1914 1038 1949 et
1063 1912 1344 1961 augumento
1368 1905 1484 1948 della
1507 1906 1638 1960 quale
1661 1904 1707 1946 in
1731 1912 1892 1959 queste
1912 1950 1914 1952 ,

250 1963 362 2020 parti
387 1971 431 2006 et
455 1964 500 2006 in
524 1966 630 2019 ogn'
658 1965 771 2007 altro
788 1966 903 2018 loco,
926 1966 1046 2008 (10116
1065 1964 1178 2007 misi
1201 1967 1395 2021 porgera
1416 1964 1689 2007 l’occasione
1712 1964 1756 2006 di
1780 1965 1883 2006 affa-

250 2023 440 2077 ticarmi,
465 2024 510 2066 lo
535 2024 630 2066 faro
654 2031 780 2067 tanto
803 2032 1134 2080 prontamente,
1163 2032 1333 2079 quanto
1356 2027 1463 2080 ogn'
1485 2025 1597 2066 altra
1620 2038 1725 2066 cosa
1747 2026 1830 2067 6116
1848 2023 1894 2066 10
1924 2053 1926 2055 »

248 2083 386 2125 11313131
410 2083 496 2125 mai
520 2083 791 2137 desiderata,
817 2099 908 2126 non
932 2085 1130 2139 sapendo
1154 2084 1262 2140 pero
1286 2085 1330 2126 d’
1355 2086 1512 2128 hauer’
1532 2085 1705 2126 hauuto
1729 2082 1773 2125 in
1793 2082 1890 2125 ani·

249 2158 323 2185 mo
347 2142 570 2186 desiderio
593 2145 677 2187 che
699 2144 778 2199 piu
802 2143 862 2184 mi
886 2159 1040 2199 prema
1063 2143 1106 2185 di
1131 2151 1308 2199 questo.

340 2203 526 2257 Quanto
545 2202 630 2244 alla
649 2202 965 2258 persecutione
982 2205 1169 2256 hauuta‚
1184 2204 1208 2245 e
1226 2210 1343 2245 stato
1359 2203 1498 2245 molto
1517 2217 1541 2245 a
1559 2201 1788 2258 proposito
1807 2203 1890 2244 6116

250 2261 286 2303 51
309 2261 446 2304 11313131
470 2276 601 2317 presa
624 2262 898 2306 resolutione
920 2262 964 2304 (11
994 2265 1224 2318 procurar’
1251 2262 1280 2304 li
1310 2262 1439 2306 breui
1461 2264 1544 2304 che
1568 2261 1604 2304 si
1627 2276 1738 2304 sono
1762 2275 1890 2303 man-

250 2320 342 2363 dati
366 2336 470 2376 qua,
498 2336 576 2376 per
598 2322 724 2365 161131
755 2322 830 2364 1113
861 2322 967 2376 quel
997 2323 1086 2364 mal
1116 2323 1254 2365 odore
1278 2323 1362 2365 che
1391 2321 1466 2377 gia
1498 2321 1535 2364 si
1564 2320 1844 2363 cominciaua
1867 2334 1891 2362 a

250 2395 481 2436 spargere.
510 2383 583 2424 Ma
613 2382 687 2425 nel
725 2389 862 2435 resto,
890 2381 1128 2424 uolendoci
1156 2381 1232 2424 noi
1262 2382 1506 2424 confortar’
1542 2380 1822 2424 sauiamente
1845 2379 1890 2422 in
1922 2381 1925 2383 ’

251 2439 449 2492 Christo,
484 2454 610 2483 come
639 2440 676 2483 si
705 2443 763 2483 ha
792 2442 849 2483 da
887 2442 995 2493 fare,
1037 2442 1229 2485 deuemo
1268 2455 1403 2484 senza
1441 2439 1697 2484 hesitation'
1731 2440 1891 2481 alcuna

250 2500 435 2542 credere
474 2501 558 2542 che
597 2501 682 2542 alla
721 2497 1005 2556 Compagnia
1028 2516 1085 2544 ne
1123 2501 1342 2543 resultera
1365 2499 1509 2556 gloria
1537 2507 1582 2542 et
1604 2501 1791 2550 honore,
1818 2513 1914 2541 sa-·

250 2559 399 2614 pendo
423 2560 507 2602 6116
529 2566 685 2602 nostro
715 2559 872 2615 signor
905 2561 1015 2617 Jesu
1039 2575 1204 2602 ancora
1243 2560 1332 2615 pati
1369 2558 1701 2615 persecutione,
1735 2564 1778 2601 et
1807 2559 1892 2601 che

250 2618 341 2674 egli
365 2618 403 2660 ci
443 2620 501 2660 ha
540 2617 781 2675 insegnato
804 2626 848 2662 et
878 2619 1126 2662 dichiarato
1150 2634 1228 2675 per
1257 2618 1377 2662 beati
1406 2617 1542 2673 quelli
1571 2619 1655 2660 che
1678 2617 1723 2659 in
1748 2616 1893 2670 gratia

250 2692 332 2720 sua
355 2679 507 2720 hanno
530 2677 576 2719 in
599 2686 761 2733 questo
784 2679 951 2721 mondo
974 2680 1089 2721 delle
1106 2677 1427 2735 persecutioni.
1450 2677 1647 2721 Perdoni
1668 2677 1714 2721 S.
1739 2678 1801 2719 M.
1823 2675 1891 2717 dia
1906 2725 1910 2737 f

251 2737 358 2779 uina
383 2751 408 2779 a
431 2737 503 2779 chi
532 2738 680 2781 hebbe
718 2737 869 2781 animo
898 2738 942 2780 di
971 2740 1149 2794 pensar'
1177 2739 1270 2780 cosi
1293 2737 1430 2793 impia
1452 2737 1767 2788 sceleratezza,
1800 2742 1845 2779 et
1867 2749 1905 2776 a

324 2893 330 2911 ¹
387 2891 451 2925 Ab
470 2891 544 2925 hoc
563 2892 684 2926 verbo
703 2891 751 2926 ad
766 2891 1095 2937 subscriptionem
1110 2903 1248 2938 usque,
1264 2890 1470 2927 cardinalis
1486 2902 1601 2925 manu
1616 2895 1773 2925 exarata
1788 2893 1890 2924 sunt.
1904 2892 1913 2926 ξ

320 2940 333 2958 ‘-’
386 2939 443 2972 Ex
464 2939 690 2985 archetypo,
711 2939 749 2974 in
772 2938 870 2974 Cod.
900 2940 961 2985 38,
982 2939 1095 2975 unico
1114 2939 1205 2985 fol.‚
1228 2948 1294 2983 104
1312 2938 1379 2983 (3).

318 2985 331 3004 ³
384 2985 432 3020 P.
458 2985 681 3022 Ludovicus
700 2986 749 3021 de
768 2986 974 3022 Mendoza.
