1958 3210
664 152 686 186 9
713 142 959 177 NOVEMBms
990 141 1077 186 1562
1629 151 1694 186 129

811 320 939 360 222

522 396 886 434 COLONIENSES
913 398 1236 435 SUPERIORES

321 474 567 517 PATRI
615 475 1108 519 HIERONYMO
1163 477 1441 519 NADAL

522 571 749 606 COLONIAE,
776 573 799 608 9
823 571 1063 598 NOVEMBms
1092 564 1182 607 1562
1211 566 1236 598 ¹.

62 646 95 671 Ι.
120 637 324 673 Ordinata
342 651 368 673 a
386 640 436 674 P.
457 638 594 674 Nadal
612 641 752 686 exequi
768 643 978 688 satagunt,
998 641 1138 686 aliqua
1157 640 1422 675 nihilominus
1447 642 1627 675 nondum
1649 642 1693 675 in

125 698 292 742 praxim
326 699 475 734 adduci
503 702 837 745 potuerunt.—2.
873 700 934 734 De
964 700 1204 735 ministeriis
1235 700 1442 735 Societatis
1473 701 1516 735 in
1547 700 1692 747 templo

120 759 159 793 S.
187 758 463 803 Ursulae.—3.
489 759 550 794 De
569 760 726 794 Busaeo
740 762 777 794 et
794 759 930 800 Fabio,
946 762 982 794 et
999 760 1046 794 de
1063 759 1230 806 collegio
1248 760 1500 806 moguntino.

153 873 189 904 1.
256 861 521 904 Reverende
546 862 696 904 Pater.
724 862 921 916 Operam
944 861 1166 912 dedimus,
1192 868 1257 913 vt,
1282 875 1398 916 quae
1415 876 1441 903 a
1458 860 1572 903 R‚tia
1592 862 1690 903 Tua

58 937 264 981 ordinata
287 938 488 990 fuerunt,
514 937 560 979 in
584 952 713 979 vsum
736 937 945 980 venirent
967 938 998 980 ².
1026 939 1197 980 Verum
1213 937 1426 994 angustia
1442 937 1528 980 loci
1545 937 1689 993 impe-

58 1015 195 1066 ditur,
221 1013 462 1069 quominus
484 1015 718 1057 commode
746 1014 1031 1058 conuictores
1058 1015 1200 1058 nostri
1230 1015 1277 1057 in
1304 1014 1533 1058 communi
1560 1029 1688 1058 orare

57 1090 245 1148 possint.
273 1090 321 1135 Si
342 1091 388 1132 in
411 1090 562 1146 aliquo
586 1105 800 1133 successu
825 1091 1038 1147 temporis
1065 1091 1376 1136 difficultatem
1405 1090 1689 1147 experiamur

60 1168 197 1212 R,tiae
227 1170 279 1211 T.
312 1167 628 1210 indicabimus.
662 1169 1006 1211 Procuratorem
1039 1168 1315 1213 constituere
1346 1169 1547 1211 nondum
1582 1169 1687 1211 data

54 1245 143 1288 fuit
165 1244 461 1301 oportunitas,
486 1252 531 1288 et
552 1244 599 1287 in
621 1247 705 1288 hac
727 1245 784 1287 ad
806 1245 1187 1288 baccalauriatum
1215 1245 1487 1289 admissione
1514 1246 1685 1288 solum—

52 1323 192 1365 modo
221 1335 271 1365 10
293 1323 469 1365 daleros
492 1322 758 1377 recepimus,
785 1336 898 1378 quos
919 1322 1194 1378 pauperibus
1215 1322 1527 1365 distribuimus
1551 1324 1582 1364 ³.

147 1411 186 1442 2.
254 1399 472 1442 Canonici
498 1399 622 1443 aedis
650 1401 707 1442 D.
742 1400 934 1443 Ursulae
962 1399 1137 1442 molesti
1176 1399 1357 1455 quidem
1395 1414 1516 1442 nunc
1555 1399 1685 1442 nobis

51 1490 146 1518 non
183 1483 304 1527 sunt,
346 1476 424 1518 sed
461 1483 731 1531 potestatem
768 1476 1065 1520 confessionis
1097 1483 1142 1520 et
1173 1476 1501 1519 communionis
1533 1491 1684 1519 sacra-

54 1559 205 1595 menta
227 1551 567 1595 administrandi
589 1553 709 1608 apud
730 1567 780 1596 se
802 1553 1002 1595 nondum
1033 1553 1253 1605 fecerunt,
1289 1560 1389 1608 post
1418 1553 1682 1596 electionem

49 1628 378 1685 <archiepiscopi
401 1628 643 1681 videbitur,
671 1629 778 1684 quid
800 1629 989 1673 vlterius
1012 1637 1186 1673 tentare
1208 1630 1341 1673 liceat
1365 1631 1396 1672 ⁴.

145 1720 185 1761 3.
252 1706 341 1750 Vbi
364 1722 389 1749 a
412 1707 606 1749 romanis
635 1706 1005 1758 intellexerimus,
1042 1715 1262 1763 quantum
1291 1708 1557 1751 Theodorus
1588 1709 1683 1749 Bu-

49 1798 159 1827 seus
181 1790 226 1826 et
242 1785 475 1841 Johannes
498 1783 664 1826 Fabius
686 1783 731 1825 in
753 1783 827 1826 via
849 1784 1226 1840 consumpserint,
1259 1785 1408 1827 oblata
1435 1783 1682 1826 commodi-

50 1867 144 1903 tate
166 1860 474 1904 restituemus.
501 1860 772 1915 Maguntino
794 1860 986 1916 collegio
1007 1860 1199 1905 libenter
1220 1862 1498 1916 praefectum
1522 1860 1682 1903 conui-

47 1944 228 1980 ctorum
260 1936 558 1989 mitteremus,
590 1937 670 1980 sed
698 1937 965 1993 magistrum
994 1937 1270 1993 Gregorium
1298 1938 1489 1980 facultas
1518 1936 1681 1980 artium

49 2015 272 2058 decanum
296 2013 547 2067 constituit,
573 2021 617 2057 et
640 2013 806 2069 optime
827 2014 1016 2058 classem
1039 2015 1311 2058 rethoricam
1335 2014 1468 2070 regit,
1494 2022 1542 2055 vt
1566 2013 1611 2055 in
1628 2028 1681 2056 ea

48 2090 259 2134 videatur
281 2090 605 2145 relinquendus
630 2092 660 2132 5.
688 2090 777 2133 Vbi
801 2097 951 2133 tamen
974 2090 1167 2146 aliquem
1190 2090 1418 2147 petierint,
1451 2090 1599 2133 omnia
1627 2104 1680 2132 ea

50 2167 396 2223 praestabimus,
422 2181 538 2221 quae
561 2166 606 2208 in
634 2174 789 2209 nostra
817 2174 950 2210 erunt
978 2174 1218 2222 potestate.
1255 2169 1365 2210 Post
1394 2166 1680 2210 Purificatio-

52 2259 155 2287 nem
177 2244 295 2288 enim
318 2258 463 2286 nouos
486 2244 727 2299 magistros
756 2244 1022 2287 habebimus
1050 2246 1083 2296 ⁶,
1116 2245 1406 2300 cathalogum
1434 2243 1678 2286 lectionum

128 2358 136 2377 ¹
186 2357 244 2390 Ex
263 2357 498 2402 apographo,
519 2355 689 2391 Kesselii
707 2367 822 2391 manu
841 2362 1013 2400 exarato,
1032 2356 1072 2391 in
1097 2356 1181 2402 ejus
1206 2357 1469 2403 Epistolario‚
1498 2355 1591 2390 Cod.
1622 2365 1676 2399 37,

45 2414 115 2449 fol.
140 2414 205 2450 132
224 2427 261 2450 v.
283 2418 377 2459 (20).
400 2415 554 2450 Titulus
574 2415 807 2450 documento
825 2415 915 2450 huic
933 2415 1141 2462 praefixus:
1162 2416 1226 2450 Ad
1243 2417 1291 2450 R.
1313 2416 1361 2449 P.
1383 2414 1584 2449 Natalem.

120 2476 134 2496 ²
185 2475 296 2520 Quae
315 2475 363 2509 P.
388 2474 509 2509 Nadal
529 2475 569 2509 in
586 2475 752 2520 collegio
770 2474 985 2510 coloniensi
1000 2474 1243 2510 observanda
1258 2474 1519 2521 praescripsit,
1536 2475 1679 2509 haben—

48 2538 112 2567 tur
130 2532 168 2568 in
190 2533 287 2569 Cod.
313 2534 349 2576 6,
369 2534 508 2569 Natal.
529 2535 646 2569 instr.
671 2534 811 2569 Germ.

120 2594 134 2614 ³
184 2593 284 2628 Vide
303 2594 421 2640 epist.
447 2602 530 2640 215,
550 2607 587 2629 n.
610 2604 643 2628 2.

119 2654 133 2673 ⁴
183 2652 282 2687 Vide
299 2653 416 2699 epist.
443 2662 526 2697 215,
546 2665 583 2688 n.
609 2662 623 2688 1
645 2665 733 2688 cum
752 2659 886 2689 annot.

118 2713 132 2733 ⁵
182 2712 282 2747 Vide
301 2712 418 2758 epist.
444 2721 527 2757 215,
548 2725 585 2747 n.
606 2723 628 2756 4
646 2724 733 2747 cum
752 2719 886 2747 annot.

120 2771 134 2791 ⁶
183 2771 228 2805 In
245 2770 387 2806 litteris
406 2772 543 2806 annuis
562 2772 719 2817 collegii
736 2772 987 2817 coloniensis,
1007 2781 1051 2817 29
1078 2771 1222 2817 Aprilis
1252 2769 1342 2814 1563
1368 2769 1483 2814 datis,
1510 2771 1605 2804 haec
1630 2769 1679 2804 de

48 2829 300 2864 renovatione
331 2830 573 2875 studiorum,
606 2831 774 2866 Kesselii
805 2843 919 2866 manu
949 2832 1093 2877 scripta
1123 2831 1332 2865 habentur:
1366 2829 1678 2864 «Renovavimus

47 2888 234 2934 prox-imis
253 2889 338 2925 istis
356 2890 494 2926 diebus
513 2891 641 2926 studia
666 2896 706 2925 et
729 2891 862 2937 primis
896 2890 1097 2926 cuiusdam
1127 2889 1263 2924 classis
1294 2900 1452 2924 munera
1482 2888 1673 2931 dedimus,

50 2947 203 2994 aliaque
221 2948 483 2995 exhibuimus,
503 2961 601 2996 quae
620 2949 666 2984 ad
690 2949 981 2984 inflammandas
1006 2949 1191 2983 iuvenum
1218 2947 1364 2983 animas
1392 2947 1431 2983 in
1457 2947 1681 2983 huiusmodi
