1958 3210
819 99 1034 134 ΑΡΡΕΝΒΙΧ
1663 101 1732 145 643

112 203 269 239 ctuose
291 199 727 242 racommandatione
749 208 793 242 et
815 201 1083 246 salutatione
1103 202 1175 244 alli
1199 202 1296 244 Rdi.
1327 203 1458 245 Padri
1488 202 1589 244 miei
1615 205 1731 258 Lay-

113 269 209 308 nes,
231 256 506 307 Salmerone‚
528 264 572 300 et
590 259 688 299 altri
707 260 820 301 della
837 260 1150 316 Compaignia‚
1171 262 1243 304 alli
1260 262 1379 315 quali
1398 262 1441 303 di
1460 276 1594 304 cuore
1612 276 1729 305 sem-

112 328 192 369 pre
208 316 267 356 m’
285 316 439 358 offero.
463 315 629 358 Scritto
647 332 671 359 a
691 318 902 370 Bolzano‚
919 334 939 360 a
957 320 1001 360 di
1020 332 1074 361 20
1091 321 1148 361 de
1165 321 1280 375 φῶτε
1306 322 1429 374 1563.
1446 322 1513 363 De
1532 322 1585 363 V.
1604 322 1655 362 R.
1676 322 1727 362 Ρ.

113 374 369 417 amoreuole
397 374 586 425 fratello,
1390 367 1403 374 ”

872 436 918 477 11.
951 450 1189 479 CARDINAL
1221 439 1265 479 D'
1302 438 1559 480 AUGUsTA„

205 491 446 545 Inscriptio
474 491 524 532 in
554 496 718 545 quarta
746 495 927 547 pagina
965 495 1057 535 alia
1085 509 1246 536 mmm:
1275 496 1334 542 Al
1369 497 1481 538 Rdo.
1514 495 1558 536 in
1591 496 1728 549 Xpo.,

111 562 238 591 come
260 549 434 592 fratello
457 560 611 591 nostro
633 551 920 603 amatissimo,
947 553 975 593 il
995 554 1045 594 P.
1070 554 1297 605 Pollanco,
1319 555 1432 596 della
1451 553 1731 608 Compagnia

110 609 183 650 del
206 609 321 652 Iesu.
348 609 532 650 Trento.

855 758 985 800 XXV

655 857 703 890 B.
728 856 927 892 PETRUS
947 857 1190 893 CANISIUS

586 959 750 988 PATRI
791 960 1002 998 JACOBO
1042 960 1244 989 LAINEZ

467 1047 733 1102 Augustae,
777 1059 832 1088 20
870 1046 1140 1088 Novembris
1184 1047 1291 1099 1563
1335 1048 1361 1087 ¹.

190 1136 250 1171 De
268 1139 417 1171 rectore
436 1135 596 1181 collegii
612 1135 822 1181 dilingam
840 1135 1126 1169 constituendo.-
1146 1134 1306 1169 Natalis
1323 1135 1369 1168 de
1390 1134 1458 1167 illo
1476 1133 1640 1179 collegio

745 1182 890 1228 optime
909 1182 1088 1216 meritus.

196 1262 313 1304 Cum
335 1259 566 1315 redijssem
588 1258 816 1314 Dilingam
839 1258 1185 1302 Weisenhornio
1207 1257 1356 1301 literas
1373 1256 1523 1311 accepi
1541 1271 1566 1298 a
1588 1257 1641 1298 R.
1668 1257 1721 1298 T.

105 1321 233 1363 datas
256 1321 280 1362 8
305 1326 349 1363 et
377 1335 404 1376 9
432 1318 598 1361 mensis
626 1318 760 1360 huius
789 1319 826 1369 ²,
859 1332 961 1359 suas
991 1332 1098 1359 uero
1130 1319 1179 1359 P.
1213 1316 1359 1359 Natali
1390 1315 1573 1359 reddidi.
1609 1316 1724 1357 Cum

105 1393 214 1422 uero
237 1378 463 1421 uenissem
487 1379 771 1433 Augustam,
799 1384 847 1418 ut
869 1390 1034 1418 munus
1054 1375 1347 1418 concionandi
1376 1376 1504 1429 plane
1528 1374 1726 1428 postula—

103 1439 196 1490 bat,
221 1438 249 1493 ij
275 1437 441 1481 mensis
462 1438 589 1479 datas
617 1436 799 1487 offendi,
832 1435 1053 1477 adiunctis
1076 1434 1193 1485 aliis,
1226 1449 1336 1488 quas
1360 1435 1415 1475 ad
1441 1436 1489 1475 P.
1518 1433 1720 1475 Natalem

101 1498 236 1554 paulo
258 1504 360 1552 post
381 1496 555 1538 mittam
579 1494 920 1551 Ingolstadium.
948 1496 1002 1536 Et
1025 1495 1079 1536 de
1103 1508 1238 1535 causa
1260 1493 1437 1547 quidem
1461 1490 1725 1545 dilingensis

104 1555 282 1612 collegii
317 1555 598 1611 potissimum
634 1555 734 1596 illae
767 1555 1040 1604 tractabant,
1071 1553 1126 1595 de
1156 1566 1244 1606 qua
1272 1565 1374 1593 curn
1405 1552 1561 1593 eodem
1591 1552 1723 1591 Patre

102 1616 362 1659 conferam..
374 1649 400 1657 ..

190 1676 258 1717 De
281 1681 401 1716 statu
424 1672 605 1728 collegii
627 1672 891 1727 dilingensis
913 1670 1003 1726 legi
1026 1684 1141 1724 quae
1174 1668 1327 1710 scribit
1359 1670 1492 1710 Pater
1515 1665 1721 1709 commis—

101 1732 262 1786 sarius,
296 1734 416 1776 unde
444 1732 552 1774 satis
579 1738 787 1774 constare
824 1737 973 1785 potest
1001 1728 1284 1784 praecipuam
1321 1728 1378 1768 de
1406 1725 1723 1768 constituendo

101 1799 275 1836 rectore
297 1792 605 1834 difficultatem
628 1790 840 1832 incidere.
862 1789 1019 1832 Visum
1039 1796 1169 1830 antea
1187 1786 1270 1828 fuit
1290 1789 1340 1828 P.
1363 1784 1509 1828 Natali
1532 1787 1580 1826 P.
1603 1786 1720 1838 Dyr-

101 1851 216 1894 sium
245 1851 474 1907 Dilingam
503 1864 634 1905 posse
662 1848 891 1891 transferri
920 1855 964 1890 et
986 1854 1204 1889 rectorem
1235 1860 1390 1900 agere,
1423 1857 1506 1887 nec
1534 1842 1718 1884 dubium

103 1910 211 1965 quin
235 1910 388 1953 uincat
408 1909 482 1952 ille
510 1911 565 1952 D.
589 1907 897 1952 Cuuillonium
920 1905 1157 1962 prudentia
1185 1913 1229 1946 et
1256 1902 1474 1945 industria
1506 1909 1550 1943 et
1579 1900 1720 1955 gratia

100 1969 146 2011 in
164 1971 298 2012 rebus
316 1968 521 2025 agendis,
547 1976 591 2011 et
614 1966 858 2010 tractandis
881 1965 1059 2015 exteris,
1086 1963 1335 2017 studiisque
1352 1960 1610 2016 dirigendis.
1632 1961 1720 2002 Sed

75 2028 292 2071 .mutauit
317 2030 451 2071 Pater
482 2026 734 2078 consilium,
770 2033 814 2069 et
842 2024 1074 2080 suspendit
1101 2025 1186 2065 hoc
1214 2022 1445 2077 negotium
1478 2020 1522 2060 in
1547 2026 1721 2072 tempus

101 2087 228 2139 illud,
244 2101 333 2142 quo
351 2086 571 2137 Tridenti,
588 2085 768 2128 Christo
787 2086 918 2135 duce,
941 2098 1090 2125 coram
1108 2088 1213 2136 aget
1230 2095 1331 2122 cum
1350 2081 1402 2122 R.
1423 2081 1473 2120 T.
1487 2113 1493 2120 .
1506 2111 1533 2119 ..
1553 2080 1601 2119 P.
1626 2078 1717 2118 Na-

103 2146 203 2189 talis
224 2147 416 2188 multum
434 2145 529 2201 spei
547 2145 734 2187 collocat
752 2144 797 2186 in
816 2146 876 2186 M.
906 2141 1195 2191 Rauenstein,
1217 2154 1349 2193 quem
1373 2153 1426 2180 ex
1444 2135 1718 2191 ingolstadio

101 2212 341 2248 euocatum
370 2204 579 2260 Dilingae
608 2203 859 2246 ministrum
889 2201 1064 2245 fecit....
1096 2202 1147 2242 P.
1180 2197 1352 2241 Natalis
1381 2196 1560 2238 omnino
1584 2195 1719 2237 uellet

102 2271 297 2317 nostros,
321 2264 398 2319 qui
421 2263 632 2319 Dilingae
659 2268 897 2305 uersantur
927 2275 952 2302 a
984 2259 1213 2301 functione
1241 2254 1534 2298 concionandi
1557 2253 1720 2294 liberos

101 2338 215 2375 esse,
240 2324 361 2378 quod
383 2323 553 2365 utinam
575 2322 815 2377 impetrare
837 2318 1131 2375 possimus...
1159 2317 1274 2359 Cum
1298 2313 1476 2357 redierit
1502 2315 1551 2355 P.
1578 2313 1719 2353 Nata-

102 2382 156 2425 lis
186 2382 477 2426 Monachium
508 2388 613 2437 aget
650 2381 706 2424 de
745 2377 1019 2422 fundationis
1056 2375 1214 2418 litteris
1251 2371 1549 2427 corrigendis,
1581 2377 1626 2412 et
1663 2370 1720 2411 de

102 2455 239 2484 causa
261 2455 440 2496 quoque
458 2440 724 2496 Clengiana,
746 2453 880 2493 quarn
898 2435 1025 2480 breui
1042 2436 1176 2478 finem
1198 2432 1451 2475 habituram
1470 2442 1714 2485 speramus.

111 2534 119 2541 .
141 2534 148 2542 .
171 2534 178 2541 .
211 2501 406 2556 Apertas
428 2500 647 2542 mittimus
669 2497 839 2540 litteras
861 2494 1156 2545 colonienses,
1178 2492 1281 2546 quia
1302 2491 1413 2545 legit
1430 2490 1526 2530 illas
1550 2489 1600 2530 P.
1627 2488 1720 2529 Na·-

103 2558 220 2612 talis‚
247 2559 320 2602 cui
342 2574 451 2603 sane
467 2558 637 2614 gratias
653 2558 870 2599 debemus
887 2554 1119 2605 maximas,
1147 2551 1265 2607 quod
1288 2552 1507 2591 hactenus
1529 2546 1721 2611 diligen-

103 2617 272 2661 tissime
295 2617 414 2661 circa
435 2616 676 2673 collegium
705 2615 957 2670 dilingense
979 2610 1205 2661 laborarit,
1229 2609 1410 2665 dignus,
1437 2606 1509 2649 cui
1531 2607 1615 2647 hoc
1638 2618 1722 2646 im-

176 2774 186 2794 ¹
236 2772 295 2806 Ex
311 2772 535 2817 archetypo,
562 2770 601 2805 in
627 2770 756 2815 Epist.
785 2767 954 2807 canisii,
981 2766 1012 2810 1,
1037 2764 1180 2810 duplici
1203 2762 1272 2797 fol.
1301 2759 1365 2796 123
1386 2759 1480 2805 (361,
1502 2758 1603 2801 362).
1626 2756 1725 2791 Vide

104 2819 223 2866 epist.
247 2818 332 2864 330,
352 2831 422 2853 nn.
447 2828 470 2863 4
487 2823 526 2853 et
545 2825 579 2862 53
599 2815 682 2860 3363
703 2821 742 2850 et
760 2814 846 2858 337.

171 2869 185 2888 ‘²
236 2867 326 2911 Ms„
345 2865 466 2912 hujus
483 2867 614 2905 datas,
631 2863 769 2899 iterato
788 2863 860 2896 hoe
878 2861 1017 2895 verbo.
