1958 3210
631 183 674 219 27
702 174 963 209 SEPTEMBms
993 172 1083 217 1564
1597 166 1666 212 523

35 281 144 322 dere
165 292 238 320 me
259 276 492 333 permittit.
521 276 659 320 Aliud
677 283 796 320 esset
818 275 854 318 si
879 274 1132 330 theologiae
1151 287 1332 317 cursum
1356 271 1473 314 sicut
1491 269 1564 313 alii
1582 270 1664 312 ab-

34 354 288 405 soluissem,
315 355 436 409 quod
459 353 564 398 licet
586 368 678 396 non
700 353 773 406 sit,
799 351 909 394 nihil
931 351 1039 393 mihi
1058 350 1270 406 parcitur,
1292 363 1375 392 nec
1393 349 1449 391 ab
1466 345 1664 391 externis

42 438 275 483 uocantur,
296 430 382 473 nisi
401 430 663 473 nominatim
681 431 838 472 doctor
855 429 1034 483 Seydel.
1057 427 1222 470 Officio
1243 441 1358 478 meo,
1374 424 1518 481 gratia
1536 422 1664 467 Chri-

38 509 95 553 sti
131 523 222 551 non
259 508 418 559 deero,
460 508 539 551 sed
577 506 721 549 sciant
758 505 952 561 compati
988 503 1337 546 infirmitatibus.
1363 502 1512 546 Credo
1544 501 1666 557 quod

38 585 217 641 saepius
249 585 432 628 libertas
462 599 561 628 mea
590 590 846 634 accusatur,
888 583 967 625 sed
1006 588 1218 625 transeat:
1259 580 1451 622 Domini
1487 592 1660 620 sumus.

39 662 319 706 Commendo
342 676 419 709 me
435 660 712 704 orationibus
731 667 776 704 et
793 659 959 702 sanctis
978 661 1031 701 R.
1055 660 1106 701 Ρ.
1130 660 1184 700 Τ.
1206 656 1452 707 sacrificiis,
1474 662 1524 697 ut
1548 654 1666 697 uires

38 738 85 780 in
106 737 314 780 omnibus
336 738 576 780 addantur.
599 737 736 780 Nolui
753 736 912 780 litteris
931 735 1041 779 meis
1059 743 1104 777 et
1121 733 1300 790 ineptiis
1317 747 1509 789 grauare
1533 734 1585 774 R.
1609 733 1662 774 P.

41 816 319 872 generalem,
353 815 432 857 sed
461 822 665 870 rogatam
696 813 830 857 uelim
869 815 923 855 R.
967 814 1019 855 P.
1062 813 1115 854 T.
1149 818 1199 853 ut
1230 825 1333 853 eum
1363 824 1463 852 meo
1485 808 1668 851 nomine

38 899 219 948 rogaret
256 906 313 934 ne
346 891 434 935 mei
467 891 512 933 in
537 891 817 934 orationibus
857 889 950 933 suis
989 903 1092 931 cum
1132 887 1343 931 Patribus
1381 886 1589 929 omnibus
1623 892 1669 928 et

41 968 251 1012 fratribus
270 968 630 1012 obliuisceretur.

129 1046 170 1088 6.
238 1045 372 1089 Volui
395 1047 484 1088 hoc
506 1046 562 1088 de
586 1047 638 1088 P.
667 1044 887 1088 Michaele
911 1045 1024 1099 Spes
1047 1044 1226 1086 addere.
1262 1041 1494 1097 Affligitur
1517 1040 1670 1083 multi-

40 1123 199 1174 modis,
220 1124 342 1178 quod
361 1123 513 1166 uideat
532 1130 596 1164 tot
614 1122 804 1166 iuuenes
828 1130 917 1164 tam
940 1120 1096 1176 paucis
1114 1120 1243 1163 annis
1266 1126 1509 1175 promotos,
1531 1133 1670 1172 seque

41 1200 193 1242 multis
216 1199 345 1242 annis
368 1199 414 1242 in
437 1199 665 1244 Societate
690 1205 918 1241 uersatum
942 1199 1186 1250 laborasse,
1213 1212 1301 1240 non
1321 1204 1471 1238 tamen
1494 1196 1550 1237 ad
1572 1202 1671 1237 stu-

42 1276 115 1319 dia
137 1286 409 1332 promotum.
437 1277 585 1319 Credo
608 1277 915 1319 consolaretur
938 1275 974 1317 si
997 1275 1053 1317 ad
1079 1275 1271 1330 gradum
1288 1272 1545 1316 licentiatus
1568 1286 1670 1327 pro-

45 1361 319 1407 moueretur,
347 1361 396 1396 ut
419 1353 582 1396 offlicio
605 1353 754 1408 aliquo
778 1351 1017 1396 Societatis
1040 1353 1337 1394 honoraretur
1370 1351 1397 1391 ¹.
1425 1350 1541 1392 Nam
1566 1347 1672 1390 alio-

47 1431 156 1486 quin
186 1431 421 1487 ingenium
450 1430 620 1473 homini
643 1445 733 1472 non
762 1429 904 1482 deest3
935 1429 1076 1470 multa
1106 1442 1285 1483 quoque
1312 1426 1424 1482 legit
1452 1433 1496 1468 et
1518 1440 1673 1481 exper-

44 1517 117 1551 tus
139 1516 222 1551 est.
250 1509 398 1567 Credo
421 1515 573 1564 posset
601 1509 686 1550 hoc
709 1522 799 1549 non
822 1507 937 1549 male
960 1506 1071 1557 fieri;
1099 1520 1201 1547 nam
1232 1506 1492 1559 frequenter
1513 1502 1674 1546 similia

46 1586 226 1629 uidetur
259 1594 478 1641 repetere.
514 1586 720 1629 Habetur
749 1584 929 1639 quidem
969 1597 1048 1638 pro
1087 1588 1279 1634 tentato;
1312 1582 1390 1624 sed
1420 1581 1554 1623 credo
1585 1578 1677 1622 falli

46 1664 226 1706 multos.
254 1665 311 1706 V.
339 1665 392 1706 R.
421 1664 468 1705 P.
501 1669 652 1718 posset
679 1663 765 1704 hoc
795 1677 820 1704 a
850 1664 983 1704 Patre
1013 1659 1214 1716 generali
1243 1658 1499 1714 impetrare.
1533 1655 1677 1699 Audit

47 1755 169 1797 meas
191 1740 424 1792 lectiones,
452 1748 497 1784 et
527 1739 705 1782 uidetur
736 1739 853 1782 uelle
886 1739 1068 1781 studere
1091 1736 1128 1779 si
1151 1751 1253 1792 spes
1282 1735 1522 1790 aliquando
1545 1734 1677 1777 ades—

47 1824 130 1861 set.
158 1819 284 1860 Haec
307 1805 391 1860 sub
422 1832 523 1860 rosa
551 1816 719 1869 scribo;
756 1816 920 1858 nollem
950 1814 1137 1856 nimium
1162 1813 1292 1856 scire.
1327 1813 1524 1867 Optatus
1554 1812 1677 1853 Iesus

50 1896 104 1938 V.
139 1896 191 1937 R.
221 1897 271 1938 P.
293 1902 456 1937 cuncta
475 1910 529 1938 ex
549 1901 655 1936 uoto
673 1894 907 1944 concedat,
929 1894 1095 1947 detque
1114 1889 1330 1935 Societati
1349 1889 1676 1932 incrementum

49 1971 94 2014 in
125 1971 283 2027 spiritu
314 1979 360 2014 et
387 1985 587 2014 numero.
624 1970 828 2014 Viennae
866 1969 1093 2016 Austriae,
1134 1969 1258 2022 1564,
1292 1979 1345 2020 27
1377 1965 1673 2022 Septembris.

49 2050 106 2092 V.
134 2050 185 2092 R.
215 2051 266 2091 Ρ.
295 2063 454 2092 seruus
477 2048 710 2104 indignus,

920 2125 1173 2181 JOHANNES
1207 2123 1496 2166 SEYDELms.

140 2204 382 2258 Inscriptio
410 2204 458 2244 in
493 2205 659 2257 quarta
685 2202 883 2258 pagium:
916 2200 944 2257 †
979 2200 1238 2243 Admodum
1266 2199 1383 2241 Rdo.
1420 2197 1466 2239 in
1498 2196 1681 2239 Christo

52 2279 175 2323 Patri
202 2282 260 2322 D.
293 2282 355 2323 M.
388 2279 553 2331 Natali,
595 2293 749 2323 sacrae
787 2276 1064 2333 Theologiae
1102 2275 1347 2318 Doctori...
1383 2276 1479 2316 Ihsi.
1514 2275 1680 2316 Romae

53 2357 127 2400 Pri
151 2383 207 2388 —-
230 2383 286 2388 —
308 2382 365 2387 —
389 2357 402 2376 Ξ
433 2358 618 2400 Romae.
651 2357 758 2398 Alia
780 2369 938 2397 manu:
968 2354 1092 2408 1564.
1121 2352 1312 2396 Vienna.
1342 2353 1393 2394 P.
1421 2353 1492 2408 Jo.
1520 2350 1680 2395 Seide-

52 2434 110 2477 lio
134 2446 188 2488 27
211 2435 256 2476 d’
283 2435 398 2487 7‚bre
421 2459 478 2465 —-
500 2434 657 2490 sigilli
679 2433 945 2489 uestigium.

127 2581 134 2599 ¹
186 2577 343 2612 Polanci
363 2588 477 2610 manu
496 2576 534 2610 in
553 2574 725 2620 marg-ine
744 2575 840 2609 haee
855 2574 998 2619 scripta
1013 2574 1216 2607 habentur:
1235 2573 1287 2606 Al
1303 2572 1397 2617 Spes
1412 2582 1484 2616 que
1499 2571 1534 2604 si
1548 2570 1684 2616 quiere

46 2641 169 2679 artes,
189 2638 249 2672 las
268 2649 350 2682 oya,
373 2638 394 2670 ό
412 2637 454 2670 Za
472 2634 683 2682 theologia,
703 2635 738 2669 si
755 2634 789 2668 le
799 2637 943 2680 pareze
959 2645 1031 2678 que
1046 2633 1148 2667 tiene
1165 2633 1355 2666 terminos
1370 2631 1566 2665 bastantes
1577 2633 1687 2677 para

49 2698 148 2741 ella,·
161 2710 185 2743 y
199 2709 237 2732 se
255 2698 383 2743 quiete
397 2709 421 2741 y
440 2696 637 2730 attienda.

125 2759 139 2779 ²
190 2758 342 2791 Desunt
360 2756 487 2801 aliqua
506 2756 638 2790 verba.
