1958 3210
805 197 1025 234 APPENmX
1658 199 1729 235 663

6 300 9 301 ⁷
57 347 59 349 ,
96 296 171 339 1101
193 297 266 339 dia
299 297 445 353 gratia
468 298 511 340 di
533 301 703 354 posser'
735 299 922 342 seruirle
950 314 1124 357 sempre
1154 314 1238 343 con
1268 301 1477 358 maggior
1508 301 1662 346 fauore
1695 304 1723 345 ¹.

95 357 160 399 Le
182 356 361 411 piacera
383 357 551 400 salutar
573 359 614 401 el
644 360 696 401 P.
730 359 954 403 Generale
984 374 1068 402 con
1093 359 1198 403 tutti
1227 360 1256 402 li
1286 361 1402 413 altri,
1435 361 1520 404 alle
1551 361 1623 403 cui
1646 362 1726 404 de·

94 422 201 457 uote
234 415 424 458 orationi
448 416 507 458 mi
530 419 831 461 raccomando
869 433 1060 474 sempre.
1086 420 1156 463 De
1191 419 1390 476 Dilinga,
1416 419 1445 462 li
1480 420 1535 462 26
1563 420 1608 462 di
1630 421 1726 464 Ge—

93 489 203 517 naro
228 488 276 516 M.
303 489 348 517 D.
376 489 484 518 LXV.

182 533 239 575 Di
264 535 320 576 V.
348 535 400 576 P.
429 536 482 576 R.
509 535 914 579 affettionatissimo
936 536 981 578 in
1004 538 1120 592 Xpo.
1148 538 1338 589 fratello,

808 596 855 637 IL
888 610 1127 638 CARDINAL
1151 599 1196 639 D’
1228 598 1482 640 AUGUSTA.

179 651 219 692 A
243 654 384 706 tergo,
408 666 550 693 manu
574 654 632 694 P.
670 654 876 696 Polcmczl.
925 655 1050 708 1565.
1077 656 1164 699 Del
1193 657 1402 698 cardenal
1432 657 1488 698 de
1520 657 1719 712 Agusta.

93 710 163 751 26.
191 711 352 751 Enero.
379 711 684 753 Desste-ratur
708 714 954 768 inscriplio,
978 715 1055 755 sed
1076 715 1363 771 obsignatam
1381 717 1539 773 fuisse
1561 717 1723 771 episto·

93 770 181 810 lam
206 772 245 810 et
261 769 415 824 sigillo
438 772 660 812 munitam
684 772 803 814 clare
825 777 1029 827 apparet.

823 921 989 963 XLVII

538 1012 972 1050 STANISLAUS
1012 1014 1261 1052 HOSIUS

674 1090 878 1125 cardinalis
899 1091 1127 1127 varmiensis
1270 1140 1272 1143 Α

414 1181 610 1209 PATRI
660 1182 905 1220 JOANNI
956 1184 1033 1212 DE
1082 1184 1389 1214 POLANCO

515 1255 828 1312 Heilsbergae,
858 1270 906 1311 31
937 1258 1085 1300 Martii
1116 1259 1222 1312 1565
1250 1260 1281 1300 2.

87 1341 280 1376 Laetatur
297 1343 344 1377 de
374 1344 468 1377 novi
486 1343 690 1391 pontificis
716 1345 916 1380 electione:
944 1347 990 1381 de
1017 1347 1210 1381 Patribus
1231 1348 1387 1392 Sunyer
1412 1350 1448 1382 et
1475 1349 1712 1384 Hostovino.

174 1420 284 1461 Rde.
316 1422 450 1461 Pater
472 1419 517 1462 in
547 1421 730 1463 Christo
763 1422 1025 1467 charissime
1056 1430 1100 1466 et
1130 1425 1407 1468 honorande.
1441 1426 1643 1468 Salutem
1674 1434 1718 1470 et

83 1478 231 1520 omnia
255 1478 445 1521 foelicia.
474 1481 600 1535 Quas
624 1482 680 1522 ad
702 1496 773 1523 me
795 1481 924 1524 binas
956 1484 1006 1525 P.
1041 1484 1097 1525 V.
1135 1482 1258 1525 dedit
1292 1482 1459 1537 literas,
1502 1486 1550 1527 18
1586 1494 1629 1527 61
1668 1498 1720 1539 14

33 1530 40 1540 ”
84 1538 258 1581 calend.
286 1538 519 1581 Februarii
542 1540 685 1592 datas,
712 1554 791 1582 636
815 1541 922 1582 mihi
946 1542 1147 1586 redditae
1171 1549 1276 1584 sunt
1306 1543 1356 1584 16
1379 1544 1553 1586 calend.
1581 1545 1717 1599 Apri—

83 1596 150 1639 lis.
180 1597 322 1639 Valde
346 1597 453 1639 mihi
476 1606 656 1653 gratum
680 1607 724 1642 et
748 1599 997 1642 iucundum
1023 1601 1105 1642 fuit
1137 1617 1189 1644 ea
1219 1616 1483 1657 agnoscere,
1518 1617 1632 1657 quae
1661 1605 1718 1647 de

83 1655 192 1698 noui
216 1656 440 1711 pontificis
463 1657 681 1700 electione
709 1659 888 1714 scripsit
920 1660 1162 1715 copiosius.
1197 1660 1312 1715 Quis
1342 1668 1493 1703 autem
1523 1670 1607 1713 est,
1639 1663 1715 1718 qui

83 1715 287 1757 dubitare
311 1723 446 1769 queat
468 1718 553 1759 hoc
576 1732 601 1759 a
623 1718 817 1760 Domino
842 1719 1009 1761 factum
1033 1721 1152 1762 esse?
1176 1721 1351 1762 Reuera
1375 1721 1475 1763 talis
1505 1722 1714 1775 decebat,

81 1782 128 1816 vt
151 1781 269 1817 esset
291 1776 376 1817 hoc
398 1783 552 1818 nostro
576 1778 755 1820 saeculo
780 1778 996 1832 pontifex,
1024 1786 1223 1829 sanctus,
1245 1779 1478 1831 innocens,
1500 1780 1713 1835 impollu—

81 1840 170 1886 tus,
205 1842 475 1890 segregatus
504 1850 528 1877 a
558 1837 887 1890 peccatoribus,
919 1845 963 1881 et
996 1838 1070 1892 qui
1101 1853 1233 1892 quam
1271 1838 1472 1893 proxime
1511 1840 1566 1881 ad
1607 1855 1710 1883 eum

80 1893 331 1948 accederet,
363 1894 438 1948 qui
469 1895 614 1936 factus
643 1903 711 1938 est
739 1896 875 1940 coelis
903 1898 1120 1939 excelsior
1150 1899 1180 1948 ⁵,
1215 1904 1277 1948 vt,
1319 1898 1449 1940 cuius
1482 1898 1627 1942 vicem
1664 1900 1709 1942 in

82 1951 211 1994 terris
234 1952 366 2007 gerit,
393 1953 489 1995 eius
510 1956 767 2009 exemplum
791 1955 836 1996 in
859 1956 952 2010 suis
968 1956 1168 1998 moribus
1187 1956 1315 1999 nobis
1334 1959 1539 2010 referret,
1560 1972 1709 2013 neque

81 2010 283 2053 doctrina
306 2011 450 2067 magis
473 2010 720 2067 quam'vita
742 2015 871 2070 gregi
894 2030 977 2058 suo
1000 2015 1208 2071 praeiret,
1233 2030 1285 2058 ac
1304 2024 1506 2059 errantes
1524 2016 1570 2058 in
1589 2017 1707 2060 viam

81 2071 332 2114 reduceret.
359 2073 457 2115 Deo
480 2072 652 2127 gratiae
675 2081 779 2115 sunt
803 2076 1024 2130 agendae,
1051 2075 1180 2117 cuius
1203 2077 1288 2116 hoc
1318 2082 1386 2117 est
1418 2077 1705 2130 beneficium3

8 2124 17 2131 ’
78 2129 155 2183 qui
177 2129 310 2171 simul
333 2145 357 2172 a
379 2131 511 2173 nobis
534 2134 822 2188 praecandus
835 2142 918 2184 est,
946 2142 993 2176 vt
1016 2142 1256 2177 conseruet
1279 2149 1381 2177 eum
1405 2149 1457 2176 ac
1487 2134 1706 2188 viuificet,

80 2189 135 2231 ad
158 2188 374 2232 ecclesiae
397 2205 505 2232 suae
526 2191 678 2234 multis
700 2192 846 2235 modis
870 2193 1059 2235 afflictae
1082 2192 1451 2236 consolationem.

167 2249 235 2290 De
260 2250 311 2290 P.
338 2249 578 2292 Francisco
602 2251 766 2294 Sunier
790 2252 803 2271 4
827 2252 985 2308 scripsi
1009 2252 1231 2307 prioribus
1254 2251 1393 2294 literis
1417 2252 1527 2294 meis
1552 2255 1604 2295 P.
1633 2255 1706 2305 V.,

79 2307 199 2360 quod
223 2308 375 2349 saluus
398 2309 453 2350 ad
476 2324 560 2351 nos
583 2310 856 2366 peruenerit;
883 2312 1042 2354 vellem
1068 2318 1217 2354 autem
1242 2326 1329 2353 vna
1351 2312 1423 2354 vel
1442 2313 1580 2353 altera
1599 2313 1708 2355 heb-

76 2365 268 2408 domada
291 2366 422 2409 citius
445 2368 659 2422 venisset,
686 2370 874 2413 fortasse
898 2371 1050 2412 schola
1074 2377 1226 2412 nostra
1249 2369 1463 2425 dissipata
1486 2386 1576 2413 non
1596 2371 1706 2414 fuis-

76 2431 159 2466 set.
186 2425 287 2467 Non
312 2426 469 2468 dubito
493 2427 600 2481 quin
624 2443 717 2470 rem
747 2443 924 2472 ornnem
955 2429 1048 2471 suis
1081 2429 1175 2484 ipse
1207 2429 1347 2472 literis
1380 2429 1705 2485 perscripserit,

77 2483 155 2526 sed
179 2491 468 2527 reuertuntur
499 2493 647 2529 tamen
675 2487 828 2542 aliqui,
855 2503 956 2543 spes
985 2488 1238 2530 ostenditur
1265 2488 1416 2543 plures
1445 2496 1545 2544 post
1578 2504 1706 2532 men—

75 2556 169 2584 sem
193 2557 331 2585 vnum
356 2551 582 2588 venturos.
611 2547 646 2588 F
650 2545 915 2589 uit'mecum
944 2561 1022 2602 per
1052 2562 1187 2589 vnam
1216 2548 1288 2589 vel
1317 2547 1501 2590 alteram
1533 2549 1700 2591 hebdo*

75 2602 266 2643 madam.
294 2603 495 2657 Septimo
517 2605 690 2647 calend.
718 2606 886 2660 Aprilis
903 2607 1135 2661 profectus
1153 2613 1221 2648 est
1240 2605 1459 2657 Plociarn,
1480 2606 1709 2650 rediturus

75 2667 176 2714 post
200 2661 313 2704 festa
335 2662 575 2716 paschatis.
603 2665 739 2708 Pater
761 2679 869 2708 vero
894 2666 1132 2708 Balthazar
1184 2666 1341 2708 eodem
1361 2665 1433 2708 die
1452 2667 1705 2709 Brunsber-

146 2781 156 2800 ¹
208 2779 285 2822 Sie3
298 2779 486 2825 fer-vore?

141 2828 154 2847 Ξ
205 2828 262 2861 Ex
281 2828 506 2873 archetypo,
525 2827 564 2862 in
586 2828 683 2864 Cod.
710 2829 769 2873 38,
789 2829 932 2876 duplici
951 2829 1041 2876 fol.‚
1065 2839 1131 2865 110
1149 2829 1265 2874 (193).

143 2874 157 2893 ³
207 2875 347 2908 EPIST.
372 2883 429 2909 AD
448 2876 606 2921 HEBR.,
626 2877 713 2919 VII,
734 2876 795 2910 26.

141 2922 155 2941 4
206 2921 305 2955 Vide
324 2921 407 2966 ejus
427 2933 590 2958 examen
609 2923 648 2958 in
668 2923 858 2970 append.,
879 2924 911 2958 I.

138 2969 152 2989 ⁵
202 2969 401 3004 Balthasar
420 2969 679 3006 Hostovinus.
705 2971 804 3005 Vide
824 2971 907 3017 ejus
926 2971 1130 3018 epistolam
1150 2973 1222 3006 sub
1242 2983 1283 3006 n.
1308 2970 1396 3017 348,
