1958 3210
824 156 914 200 1553
1638 167 1681 203 Ι7

54 257 384 314 compendium,
410 258 532 312 quod
554 256 839 312 explicarem,
871 257 908 299 si
931 271 1087 299 verum
1112 272 1201 300 non
1230 257 1475 314 reciperem
1504 259 1676 304 interea

56 335 322 390 exemplum,
348 334 518 377 interea
540 341 588 375 vt
611 347 881 389 exponerem
904 348 1108 378 examen.

141 409 340 452 Euocaui
363 409 512 452 statim
532 412 583 452 Ρ.
609 410 858 465 Goncalem
881 409 1142 453 Conimbria
1164 426 1244 466 pro
1266 411 1600 456 concionatore.

139 488 196 529 D.
222 487 506 538 Torrensem,
532 486 609 541 qui
646 493 741 550 erat
771 487 828 530 ad
846 487 892 530 S.
921 488 956 529 F
960 486 1111 530 oelicis
1135 489 1142 508 ¹
1170 487 1272 531 Misi
1295 489 1505 531 Ioannem
1551 491 1674 532 Pau—

49 565 143 606 lum
165 562 221 604 ad
245 564 296 604 P.
323 563 358 605 F
362 562 613 606 ranciscum
635 563 672 605 si
694 563 830 606 vellet
851 562 1021 607 venire.

139 641 190 682 P.
216 638 499 690 Franciscus,
531 640 624 681 dux
661 639 866 682 Gandiae
894 646 938 682 et
966 639 1167 682 marchio
1205 641 1390 684 Lombai
1420 642 1434 662 ²
1466 642 1565 685 fuit:
1598 644 1670 686 hic

46 721 196 777 motus
212 714 430 770 religione
447 715 690 766 Granatae,
703 729 842 770 quum
861 722 1089 771 praeesset
1110 716 1255 759 funeri
1273 724 1496 772 augustae
1524 718 1530 775 Ι
1558 734 1671 761 vxo—

46 791 106 834 ris
129 791 276 834 Caroli
301 790 376 845 5.i,
408 791 606 847 suscepit
635 790 916 846 prouinciam
948 792 1244 834 Catholoniae
1273 792 1452 837 vicerex
1476 796 1508 845 ³,
1535 809 1667 850 quam

43 882 183 923 quum
202 867 448 926 gereret[?],
469 867 627 910 habuit
644 867 1019 911 consuetudinem
1034 882 1137 910 cum
1152 869 1204 910 P.
1224 870 1258 910 F
1262 869 1372 911 abro
1391 876 1436 913 et
1453 871 1664 923 Araozio‚

38 951 90 988 et
105 946 394 988 vehementer
409 944 602 1000 profecit
619 944 665 986 in
683 944 848 999 pietate
866 952 910 987 et
929 958 1078 987 rerum
1092 944 1391 1000 spiritualium
1408 947 1666 990 meditatio—

45 1036 116 1064 ne.
136 1021 326 1065 Decedit
343 1036 366 1063 a
385 1020 633 1077 prouincia:
654 1021 779 1065 venit
795 1021 1036 1064 Gandiam:
1057 1021 1117 1063 ibi
1134 1022 1428 1065 confirmatus
1450 1038 1506 1066 ex
1523 1031 1666 1067 morte

44 1097 208 1149 vxoris‚
236 1097 341 1141 fecit
369 1097 598 1149 exercitia,
630 1105 675 1140 et
697 1097 837 1154 elegit
859 1098 1098 1142 Societatis
1120 1098 1394 1151 institutum,
1421 1107 1466 1142 et
1494 1108 1616 1154 vota,
1639 1113 1663 1144 2

43 1173 154 1229 Iunij
185 1175 310 1228 1546,
336 1180 381 1217 et
403 1174 584 1217 inchoat
606 1174 848 1230 collegium
877 1174 1170 1227 gandianum:
1196 1176 1274 1218 dat
1301 1190 1482 1231 operam
1505 1176 1661 1220 literis:

43 1257 218 1293 creatur
255 1251 411 1293 doctor
446 1251 701 1306 theologus.
742 1250 1101 1307 Primogenitum
1124 1259 1170 1295 et
1200 1264 1223 1294 2
1253 1252 1368 1295 filias
1396 1253 1587 1296 collocat
1618 1253 1665 1295 in

40 1326 370 1369 matrimonium
387 1326 717 1370 honestissime.
744 1328 782 1369 2
798 1328 925 1370 Facit
942 1328 1280 1383 professionem3
1301 1344 1457 1372 verum
1481 1344 1536 1372 ex
1553 1344 1664 1372 con-

33 1403 241 1446 cessione
262 1404 425 1446 summi
447 1403 673 1459 pontificis
695 1403 1060 1447 condicionatum
1084 1406 1140 1447 ad
1169 1405 1340 1460 aliquot
1362 1420 1519 1449 annos.

126 1481 260 1523 Anno
289 1482 397 1534 1548
422 1480 563 1536 prima
581 1482 616 1523 F
619 1481 812 1536 ebruarij
838 1481 996 1523 habuit
1013 1481 1219 1524 Gandiae
1236 1497 1448 1538 magnam
1467 1497 1661 1526 consue-

38 1556 1660 1611 tudhunn‹nnninonacho·stancsscano'Taxceda⁴,vhx›exnnk3exer—

35 1632 174 1675 citato
196 1633 242 1675 in
267 1634 484 1676 oratione.
1228 1692 1230 1694 .

123 1709 228 1753 Fuit
246 1712 431 1753 Romam
461 1718 677 1754 euocatus
716 1726 741 1752 a
781 1712 832 1753 P.
875 1711 1051 1767 Ignatio
1081 1726 1199 1753 anno
1228 1711 1408 1754 iubilaei
1453 1723 1578 1766 1550:
1605 1727 1658 1755 eo

35 1785 173 1839 venit,
198 1787 369 1828 cultum
387 1787 534 1829 adhuc
553 1786 752 1831 retinens
774 1787 1039 1830 secularem.
1068 1787 1225 1831 Voluit
1241 1788 1521 1844 peregrinari
1546 1789 1659 1833 Hie-

35 1863 317 1918 rosolymam,
339 1864 459 1918 quod
476 1863 687 1906 dissuasit
706 1866 757 1906 P.
778 1863 997 1919 Ignatius.
1016 1865 1159 1907 Multa
1172 1864 1293 1907 milia
1310 1864 1474 1907 dicitur
1490 1867 1659 1909 Romae

32 1938 264 1993 reliquisse
286 1940 343 1982 ad
371 1940 672 1982 inchoandam
703 1940 1012 1984 fundationem
1044 1940 1242 1996 collegij:
1274 1941 1280 1998 Ι
1309 1942 1560 1984 construxit
1582 1957 1661 1998 pa-

31 2014 202 2067 rietem,
218 2016 294 2071 qui
311 2016 456 2058 munit
472 2031 496 2059 e
514 2016 586 2059 via
600 2016 780 2072 publica
796 2019 977 2059 hortum
996 2032 1246 2060 romanum.
1261 2019 1489 2061 Reuersus
1507 2018 1550 2060 in
1571 2018 1657 2061 Hi-

30 2092 229 2147 spaniam
266 2093 452 2137 secessit
481 2093 525 2135 in
563 2093 852 2141 Cantabriam
883 2093 1008 2136 iuxta
1037 2095 1256 2148 Ostatum,
1288 2094 1380 2146 vbi,
1420 2095 1656 2138 aedificata

31 2169 318 2221 domuncula,
345 2177 466 2212 totus
490 2178 584 2214 erat
606 2170 652 2212 in
676 2170 895 2221 oratione,
922 2170 1360 2223 mortificationibus,
1387 2178 1474 2215 etc.
1508 2173 1572 2214 Eo
1601 2172 1658 2214 ad

32 2245 177 2301 ipsum
206 2254 429 2290 venerunt
451 2248 544 2289 don
573 2247 802 2290 Antonius
831 2262 856 2289 a
885 2248 1113 2299 Corduba,
1140 2249 1232 2291 don
1254 2248 1480 2292 Sanchius
1509 2263 1534 2290 a
1565 2249 1656 2291 Ca-

32 2323 176 2375 stella,
206 2325 255 2366 P.
283 2324 625 2366 Bustamantius
652 2331 697 2367 et
725 2323 815 2379 alij,
848 2332 892 2366 et
920 2324 1017 2367 eius
1047 2324 1344 2367 instructione
1367 2324 1497 2367 factis
1527 2338 1648 2368 exer-

31 2398 180 2454 citijs‚¹
201 2400 436 2456 elegerunt
475 2400 714 2444 Societatis
743 2401 1014 2443 institutum.
1049 2401 1169 2443 Hinc
1200 2401 1424 2444 concessit
1454 2403 1652 2457 Burgos,

31 2477 151 2530 quod
172 2483 355 2520 noceret
377 2476 474 2520 eius
496 2477 744 2521 valetudini
766 2477 852 2520 loci
875 2477 994 2521 illius
1017 2477 1276 2530 humiditas,
1303 2477 1389 2521 iam
1412 2477 1532 2520 enim
1556 2492 1654 2520 mo—

25 2551 142 2595 lares
163 2553 322 2597 dentes
345 2553 570 2606 amiserat,
592 2561 678 2598 etc.
707 2555 840 2597 Hanc
865 2562 1014 2597 tamen
1036 2553 1352 2610 migrationem
1375 2555 1415 2597 3
1439 2554 1545 2597 fecit
1561 2569 1653 2598 non

96 2713 106 2732 ¹
157 2711 400 2747 Sententiam
419 2713 688 2760 imperfectam
706 2714 863 2761 reliquit
881 2719 1029 2749 auctor.
1051 2715 1163 2759 Quae
1182 2713 1314 2749 dicere
1334 2714 1459 2750 voluit
1476 2715 1655 2761 probabi-

19 2769 112 2804 liter
125 2781 171 2804 ea
185 2776 288 2815 sunt,
308 2783 406 2818 quae
424 2772 507 2818 ipse
523 2773 678 2819 scripsit
692 2773 731 2808 in
746 2774 864 2820 epist.
886 2781 946 2818 54,
962 2785 999 2807 n.
1020 2781 1033 2807 Ι
1044 2781 1074 2808 Ι.
1092 2772 1192 2808 Vide
1208 2773 1338 2819 Epist.
1355 2773 1512 2819 Natal.,
1525 2774 1556 2817 Ι,
1575 2781 1640 2818 177

96 2831 109 2850 2
160 2830 250 2875 Ms.,
273 2829 456 2865 Gombai.

97 2887 111 2907 ³
160 2888 205 2922 In
223 2889 416 2934 margine:
438 2898 548 2934 1539.

99 2946 114 2966 ⁴
163 2945 242 2990 Sic,
257 2957 325 2993 pro
350 2947 517 2983 Texeda.
