1958 3210
255 211 302 247 74
824 202 867 235 P.
898 201 1083 237 NATAms
1110 202 1329 237 EPHEMER.

256 302 602 353 hortationibus,
634 315 750 356 quae
778 315 869 345 non
898 302 1184 348 mediocriter
1212 302 1386 346 animos
1417 305 1603 347 fratrum
1633 304 1890 348 excitabant

255 380 344 437 [ad]
368 379 581 435 pietatem
608 380 631 420 ¹.

345 454 533 498 Etiamsi
559 469 652 497 non
679 454 921 497 admodum
955 470 1027 500 me
1063 456 1276 499 mouebat
1308 457 1501 500 defectio
1530 458 1789 510 Andradae,
1824 464 1888 500 ta-

255 547 375 584 men,
422 532 543 587 quod
575 531 884 588 intelligebam
918 539 1100 589 gratum
1133 533 1228 577 fore
1269 533 1439 587 multis,
1475 534 1715 591 diligenter
1751 534 1887 578 misso

257 613 308 653 P.
352 609 573 652 Michaele
589 609 780 660 Gomez,
799 607 925 651 illum
958 609 1115 652 curaui
1147 609 1329 665 inquiri,
1370 617 1430 663 et,
1467 612 1685 667 promissa
1712 611 1719 669 Ι
1747 612 1883 656 errati

255 685 498 738 obliuione,
525 684 695 729 reduci.
731 684 1025 729 Satisfactum
1055 686 1237 742 quidem
1267 689 1351 730 hac
1385 687 1622 744 diligentia
1652 689 1885 744 fratribus,

254 763 330 805 illa
353 770 503 806 tamen
527 777 619 805 non
641 769 709 805 est
733 768 955 818 repertus.

344 841 413 883 Ne
442 839 580 882 abitio
615 840 859 882 Andradae
891 839 1244 896 Vlisyponenses
1280 842 1462 885 turbare
1494 850 1661 898 posset,
1687 842 1779 885 dixi
1802 843 1888 887 Mi-

255 916 353 960 roni
383 925 432 958 vt
460 916 677 960 scriberet
705 916 872 968 literas,
905 916 1070 972 quibus
1103 917 1383 974 significaret
1414 927 1613 974 quantus
1645 927 1765 963 esset
1794 921 1889 962 fru-

253 1002 356 1037 ctus
385 993 578 1050 collegio
610 994 773 1036 allatus
800 993 886 1036 illis
909 994 1065 1051 paucis
1086 995 1262 1049 diebus3
1290 1003 1464 1039 tanturn
1489 1004 1640 1041 tamen
1674 997 1819 1040 abfuit
1840 1005 1889 1039 vt

253 1073 435 1115 obesset
472 1072 486 1091 2
530 1070 691 1114 animis
734 1072 922 1114 fratrum
964 1071 1038 1114 illa
1082 1073 1207 1129 fuga,
1253 1080 1302 1115 vt
1344 1073 1449 1116 inde
1491 1074 1669 1117 occasio
1708 1074 1895 1117 maioris

256 1147 612 1191 confirmationis
634 1147 692 1190 sit
713 1155 914 1204 accepta.

347 1226 582 1269 Habebam
622 1226 882 1281 frequentes
919 1227 1273 1279 exhortationes,
1321 1235 1368 1269 vt
1405 1228 1564 1271 nullibi
1590 1230 1743 1285 plures
1772 1230 1889 1272 143

256 1302 508 1347 habuerim.
531 1315 587 1345 2o
610 1303 661 1359 (si
679 1310 802 1346 recte
820 1305 967 1358 teneo)
987 1305 1188 1358 fuerunt,
1210 1307 1334 1360 quod
1355 1320 1446 1348 non
1478 1305 1563 1348 fuit
1592 1306 1698 1348 mihi
1728 1320 1886 1362 graue:

260 1380 370 1422 illud
394 1379 492 1433 fuit,
518 1380 639 1435 quod
663 1379 831 1423 fuerint
858 1380 968 1422 mihi
991 1388 1080 1423 tam
1110 1383 1251 1445 multa
1272 1389 1318 1424 et
1345 1383 1468 1426 varia
1495 1383 1722 1439 proposita
1743 1398 1891 1439 nego—

259 1457 343 1509 cia,
369 1456 690 1510 dubitationes,
712 1456 1003 1512 djficultates,
1029 1458 1193 1513 quibus
1216 1474 1452 1502 necessum
1477 1460 1561 1502 fuit
1583 1460 1794 1503 omnibus
1819 1474 1890 1502 re-

259 1535 497 1589 spondere:
524 1541 570 1578 et
592 1534 784 1590 primum
807 1533 988 1590 quidem
1011 1536 1067 1579 de
1092 1536 1309 1592 negociis,
1336 1552 1452 1593 quae
1480 1539 1763 1593 proponebat
1785 1552 1890 1594 pro—

257 1618 439 1654 curator
468 1611 738 1654 Franciscus
774 1611 1012 1664 Henrices,
1045 1620 1195 1655 actum
1233 1620 1317 1666 est,
1356 1622 1401 1658 et
1434 1615 1647 1658 remissus
1676 1614 1890 1671 Vlysipo—

259 1704 362 1731 nam
387 1688 459 1731 ille
484 1690 620 1731 Pater
642 1689 675 1731 ⁵.

348 1765 436 1808 Hic
454 1764 563 1807 mihi
586 1765 750 1821 obtigit
767 1767 891 1820 quod
909 1781 998 1809 non
1016 1767 1196 1811 videtur
1213 1768 1527 1812 omittendum.
1542 1770 1760 1813 Solebant
1777 1783 1887 1812 con-

258 1841 408 1897 siliarij
434 1841 495 1884 ita
517 1856 654 1898 agere
681 1842 688 1900 Ι
716 1842 762 1884 in
780 1843 1127 1887 consultatione:
1149 1854 1196 1886 vt
1216 1846 1308 1888 fere
1326 1845 1494 1901 singuli
1512 1846 1623 1888 nihil
1638 1846 1776 1898 aliud,
1802 1847 1888 1889 du-

259 1919 345 1974 bijs
378 1918 571 1972 iniectis,
602 1934 696 1962 rem
727 1920 741 1940 ⁴
772 1921 972 1964 facerent
1000 1922 1307 1966 obscuriorem
1336 1930 1381 1965 et
1403 1923 1548 1979 magis
1580 1923 1815 1976 incertam,
1840 1930 1890 1965 vt

258 1997 390 2052 plane
425 2010 512 2038 non
551 2003 703 2051 posset
731 2004 939 2040 constare
967 1998 1374 2053 superintendenti.
1409 2001 1513 2042 Hoc
1549 2014 1705 2054 quum,
1737 1999 1890 2043 habita

257 2071 381 2132 [una]
398 2080 477 2115 aut
494 2073 635 2117 altera
652 2073 1001 2127 consultatione,
1023 2074 1131 2116 mihi
1150 2075 1433 2132 contigisset,
1445 2077 1727 2120 confidenter
1744 2076 1890 2119 omni—

257 2151 345 2192 bus
368 2149 704 2192 consultoribus
726 2148 850 2207 [dixi]
874 2157 923 2192 vt
946 2150 1138 2204 abirent,
1165 2159 1369 2196 maneret
1387 2153 1533 2196 Miron
1550 2160 1595 2196 et
1624 2161 1786 2205 rector,
1813 2153 1890 2208 qui

258 2225 366 2269 mihi
384 2233 688 2282 proponerent
710 2241 781 2270 res
802 2241 924 2269 suas:
946 2243 1033 2279 me,
1055 2227 1141 2270 illis
1163 2229 1401 2282 consultis,
1424 2229 1623 2273 breuiter
1645 2245 1890 2286 responsu-

258 2318 373 2345 rum.
401 2304 539 2358 Quod
576 2304 686 2346 mihi
717 2311 763 2348 et
801 2303 885 2346 fuit
923 2305 1244 2357 necessarium,
1286 2314 1330 2348 et
1367 2307 1483 2350 bene
1520 2306 1672 2359 cessit;
1698 2307 1885 2363 alioqui,

254 2394 395 2434 quum
414 2380 489 2423 illo
507 2380 700 2437 collegio
720 2380 879 2423 fuerim
899 2393 923 2422 2
947 2396 1142 2434 menses,
1165 2396 1255 2424 non
1278 2382 1469 2425 fuissent
1493 2383 1601 2426 satis
1628 2385 1740 2427 144
1766 2392 1883 2427 octo.

258 2458 313 2499 Et
337 2464 489 2501 tamen
518 2472 635 2513 quae
671 2458 992 2513 responderam
1030 2458 1242 2501 curabam
1281 2459 1484 2503 exhiberi
1517 2460 1758 2504 iudicanda
1790 2461 1888 2517 alijs

255 2534 539 2589 consiliarijs,
587 2541 632 2579 et
661 2534 914 2586 mutabam,
947 2534 983 2576 si
1014 2535 1123 2590 quid
1164 2537 1280 2579 bene
1310 2536 1583 2580 videbantur
1627 2539 1883 2582 admonere.

254 2611 355 2652 Hac
393 2613 607 2655 methodo
645 2610 771 2655 euasi
807 2611 1006 2654 duuidas
1034 2613 1412 2668 portugallenses:
1440 2613 1502 2656 ita
1538 2614 1623 2670 ipsi
1662 2615 1890 2671 appellant

255 2686 565 2732 dubitationes
589 2690 619 2730 ⁵.

328 2772 337 2791 ¹
391 2769 648 2814 SAccmNUS‚
665 2772 743 2806 loc.
767 2771 860 2815 cit.,
876 2783 914 2805 n.
939 2780 993 2817 19.

325 2832 339 2850 ‘2
392 2829 482 2874 Ms.,
501 2829 707 2865 obedesset.

319 2886 337 2906 ³
387 2887 647 2932 SACCHINUS,
668 2890 746 2925 loe.
771 2889 855 2935 cit.,
876 2901 941 2924 nn.
967 2897 1022 2935 14,
1047 2898 1101 2933 15.

325 2947 340 2966 ‘0
390 2946 479 2991 Ms.,
505 2958 583 2982 reS.

323 3006 339 3025 ⁵
390 3005 648 3052 SAccfflNth,
668 3008 743 3043 loc.
760 3009 844 3055 cit.,
864 3010 932 3048 lib.
952 3019 992 3054 v,
1013 3023 1050 3045 n.
1076 3019 1130 3055 14.
