1958 3210
625 206 668 243 27
697 199 959 235 SEPTEMBms
989 197 1100 244 1564·
1595 208 1668 244 519-

26 301 137 345 locis
161 315 251 343 non
269 299 634 355 permittendum.
662 301 816 355 Quum
839 301 972 356 paulo
994 307 1095 356 post
1117 301 1174 343 ad
1191 295 1403 356 papatum
1422 314 1498 344 eos
1516 301 1663 345 dedu—

29 392 195 430 cerem,
220 375 429 432 peruenit
450 378 536 418 hoc
560 391 739 432 quoque
762 378 818 419 ad
841 392 971 421 aures
995 378 1296 421 sacerdotum:
1322 384 1545 420 conantur
1577 377 1663 420 im·
1712 377 1714 380 ’

29 453 196 510 pedire3
223 459 268 495 at
290 453 397 494 dum
421 452 541 494 aliud
565 468 653 495 non
678 461 746 496 est
769 468 920 509 super,
947 455 1002 496 ad
1025 453 1533 498 excommunicationem
1552 468 1660 496 con—

30 529 212 586 fugiunt
234 536 279 573 et
301 529 554 581 maledicta,
581 537 625 572 et
646 545 727 585 pro
751 530 967 572 concione
990 531 1210 573 exclamat
1233 530 1413 587 quidam
1437 530 1587 573 mirari
1615 545 1667 574 se

29 605 376 649 inconstantiam
396 605 568 659 ouium,
595 607 734 661 quod,
761 614 995 662 postquam
1022 620 1074 661 33
1099 622 1256 660 annos,
1278 622 1434 662 parum
1454 607 1536 651 Dei
1559 622 1663 652 uer-

30 685 137 726 bum
168 682 445 734 audiuerint,
478 690 567 725 tam
598 683 687 725 cito
716 684 771 725 ad
800 685 1007 739 luporum
1037 685 1264 726 stabulum
1295 684 1522 726 turmatim
1553 699 1663 727 con-

26 761 180 812 fluere3
203 767 247 803 et
269 759 407 801 addit:
439 760 632 802 «Notum
656 759 713 802 sit
736 760 959 803 omnibus:
987 776 1085 811 nos,
1106 775 1208 802 cum
1228 761 1458 813 redierint,
1480 761 1667 817 reliquis

25 835 189 878 ouibus
213 849 301 877 non
328 835 603 891 iungendos:
631 851 768 891 agere
790 836 888 879 illos
918 844 1073 880 contra
1101 838 1251 888 fidem,
1282 838 1589 894 euangelium,
1615 845 1660 881 et

26 911 275 963 sodomitis,
298 912 418 954 falsis
440 913 684 968 prophetis,
712 913 858 969 magis
881 914 1124 957 adhaerere
1143 929 1275 969 quam
1295 914 1548 969 pastoribus
1558 930 1593 967 »3
1615 922 1661 957 et

27 989 167 1032 multa
195 989 280 1031 alia
308 990 596 1045 congerebat.
630 990 749 1032 Hinc
778 991 971 1046 populus
1002 991 1183 1034 territus
1207 990 1361 1035 uenire
1384 991 1574 1047 amplius
1603 992 1659 1034 ti-

27 1061 154 1108 r'nuit.
183 1067 299 1121 Ego,
332 1066 593 1109 conuocatis
627 1067 858 1119 omnibus,
890 1067 1063 1109 institui
1096 1082 1300 1110 monere:
1336 1067 1526 1112 ueniunt
1548 1083 1660 1123 qua—

29 1150 146 1185 tuor:
174 1142 246 1184 alii
270 1142 542 1198 colloquium
568 1143 802 1196 timebant,
834 1158 917 1186 nec
945 1144 1189 1188 conuenire
1219 1145 1303 1187 nisi
1334 1144 1493 1200 raptim
1516 1145 1660 1188 licuit:

25 1219 240 1276 proposui
263 1220 318 1261 de
341 1219 580 1271 caelibatu,
607 1220 762 1262 ordine
786 1228 830 1265 et
852 1220 950 1263 aliis
972 1220 1172 1263 articulis
1189 1221 1511 1272 controuersis,
1532 1236 1661 1276 prae-

27 1295 231 1342 sentibus
254 1295 401 1339 iudice
423 1303 468 1339 et
491 1296 603 1339 aliis:
629 1304 850 1339 certatum
873 1305 955 1340 est:
984 1298 1110 1340 adest
1133 1298 1355 1353 scriptura
1379 1312 1590 1353 pugnans
1620 1305 1665 1342 et

26 1387 212 1428 urgens:
239 1372 461 1427 aspiciunt
484 1372 697 1417 inuicem:
726 1374 861 1416 trahit
884 1375 996 1418 alter
1018 1376 1224 1426 alterum,
1251 1374 1287 1417 si
1312 1375 1425 1416 forte
1443 1375 1550 1429 quid
1570 1389 1662 1417 non

27 1448 268 1492 dicendum
292 1449 472 1491 excidit.
500 1451 646 1503 Vnus,
672 1465 729 1493 ne
751 1450 796 1493 in
820 1452 1044 1506 loquendo
1068 1459 1201 1502 erret,
1228 1451 1410 1493 omnino
1435 1458 1570 1504 tacet3
1600 1452 1664 1494 al-

29 1533 96 1568 ter
118 1540 217 1568 raro
240 1526 459 1580 loquitur:
485 1541 587 1569 cum
611 1527 707 1570 aliis
730 1527 1007 1584 disputatur,
1039 1527 1135 1572 sine
1165 1527 1415 1571 maledictis
1445 1535 1595 1576 tamen
1621 1534 1666 1571 et

28 1602 136 1645 satis
165 1603 388 1646 modeste:
422 1604 586 1646 adsunt
613 1611 763 1660 patres
793 1612 839 1647 et
871 1605 1063 1647 maxime
1092 1604 1300 1660 discipuli
1333 1605 1662 1660 apostolorum.

29 1679 307 1735 Scripturam
341 1681 618 1733 concedunt3
651 1683 731 1726 sed
760 1689 908 1726 tamen
939 1683 1211 1738 respondent
1241 1696 1288 1725 se
1318 1696 1407 1723 non
1437 1681 1665 1736 accepisse

29 1755 220 1812 gratiam
243 1757 315 1800 vel
337 1757 571 1810 castitatis,
598 1759 670 1800 vel
698 1760 754 1801 ad
777 1758 883 1801 alia:
914 1766 1064 1814 patres
1093 1758 1250 1801 dicunt
1281 1758 1486 1801 homines
1511 1758 1665 1811 fuisse,

30 1848 81 1876 ac
112 1848 285 1877 errasse
315 1834 529 1889 potuisse;
562 1836 618 1878 ad
647 1837 771 1891 quod
809 1837 917 1879 satis
955 1851 1218 1892 responsum
1252 1836 1336 1878 fuit
1365 1836 1499 1878 unico
1530 1850 1667 1891 argu-

29 1918 196 1963 mento;
222 1926 324 1953 nam
349 1920 530 1955 sanctos
552 1914 835 1966 asserebant,
862 1921 907 1956 et
928 1929 1005 1957 eos
1029 1914 1103 1969 qui
1128 1913 1347 1969 primitias
1375 1913 1559 1969 spiritus
1590 1926 1667 1954 ac-

31 1995 263 2043 ceperunt:
286 1990 511 2043 quomodo
534 2003 644 2046 ergo
668 1990 711 2032 in
737 1991 871 2033 rebus
893 1990 998 2034 fidei
1020 1998 1243 2042 errarunt,
1266 1997 1310 2034 et
1327 1997 1571 2045 sequentes
1588 2004 1666 2032 eo—

31 2079 129 2106 rum
153 2064 401 2108 doctrinam
426 2066 471 2108 in
493 2081 688 2110 errorem
707 2068 1013 2111 deduxerunt?
1032 2068 1273 2122 Quomodo
1291 2081 1448 2110 omnes
1467 2065 1665 2107 unanimi

31 2155 253 2185 consensu
278 2142 393 2184 idem
418 2144 691 2198 docuerunt?
714 2143 935 2187 Dicebant
954 2144 1139 2199 aliquid,
1160 2160 1217 2187 ne
1236 2151 1385 2186 tacere
1404 2143 1666 2186 uiderentur

32 2218 156 2261 uicti:
180 2226 328 2261 tamen
353 2221 511 2265 abesse
535 2235 669 2276 quam
693 2222 850 2265 adesse
873 2221 1152 2264 maluissent.
1178 2221 1425 2264 Dicebatur
1446 2219 1578 2261 nobis
1595 2218 1664 2260 in-

31 2295 166 2338 sidias
183 2303 361 2351 paratas
380 2304 428 2339 ut
451 2297 716 2341 uerberibus
739 2299 1034 2342 afficeremur.
1063 2298 1269 2341 Vidimus
1293 2298 1463 2349 turbas3
1492 2296 1571 2338 sed
1590 2309 1669 2351 per

32 2372 229 2416 medium
249 2375 523 2417 transeundo
542 2389 647 2427 una,
668 2375 778 2417 nihil
795 2375 964 2417 dictum
983 2382 1052 2418 est
1070 2374 1214 2417 nobis.
1237 2377 1513 2417 Monuerunt
1532 2371 1666 2415 etiam

31 2449 229 2505 supremi
262 2450 462 2493 locorum
492 2458 542 2492 ut
574 2466 659 2494 nos
687 2451 1018 2495 custodiremus
1047 2467 1072 2494 a
1104 2452 1268 2507 uulgo;
1303 2450 1383 2492 sed
1412 2448 1521 2491 nihil
1555 2462 1669 2490 con>—

33 2525 154 2568 trarii
178 2526 295 2582 passi
318 2541 490 2570 sumus.

123 2615 163 2645 2.
231 2604 456 2646 Volebant
489 2619 561 2648 me
589 2619 741 2649 creare
772 2605 1031 2661 episcopum
1063 2605 1107 2646 in
1136 2603 1221 2646 illis
1248 2602 1377 2654 locis,
1414 2600 1451 2644 si
1481 2614 1666 2643 uxorem

33 2679 198 2722 ducere
217 2681 398 2735 uellem;
422 2696 525 2723 nam
549 2681 696 2724 mirati
719 2689 842 2736 sunt,
864 2683 1045 2737 quando
1063 2688 1220 2724 exacte
1238 2681 1294 2722 ad
1312 2678 1461 2722 omnia
1478 2691 1667 2732 respon—

34 2769 141 2797 sum
159 2756 436 2812 acciperent,
468 2757 705 2814 indignum
736 2773 834 2803 esse
864 2766 953 2802 tam
983 2759 1165 2801 doctum
1189 2755 1415 2799 hominem
1446 2754 1492 2796 in
1515 2767 1665 2796 errore

35 2846 313 2887 permanere.

126 2921 166 2962 3.
233 2910 425 2963 Interea,
451 2912 558 2954 dum
581 2913 693 2955 haec
715 2918 937 2969 aguntur,
965 2911 1154 2955 ueniunt
1176 2910 1351 2952 litterae
1380 2906 1523 2959 Rmi.,
1550 2920 1666 2961 quae

32 2998 118 3027 nos
141 2985 287 3029 redire
310 2986 484 3040 iubent,
510 2987 555 3030 in
584 2988 748 3044 quibus
776 2996 821 3032 et
843 2989 952 3031 illud
981 2987 1297 3031 continebatur
1319 2982 1561 3040 euangelii:
1592 2981 1668 3025 «Si
