1958 3210
215 176 286 201 xiv
675 166 928 202 PROOEMIUM
954 173 1136 200 SECUND1
1162 174 1386 202 VOLUMmls

214 267 363 310 censis
386 266 572 322 negotia
594 266 744 309 Natali
766 281 792 308 a
814 265 981 309 Lainez
1003 266 1376 310 commendantur
1394 268 1464 324 (15
1490 268 1634 324 Aug,
1658 279 1682 321 7
1702 269 1845 323 Oct)

213 347 283 388 De
313 343 514 387 Oliverio
539 345 769 395 Manareo,
805 345 939 394 Pan,
981 342 1198 395 Mariana,
1233 345 1456 397 Pontano,
1481 345 1653 402 Jacobo
1682 346 1844 401 Schip-

212 436 316 463 man
345 421 401 462 ad
429 419 702 463 Germaniae
730 420 803 462 vel
831 418 1007 462 Galliae
1030 419 1284 473 provincias
1307 420 1585 464 destinandis
1616 423 1656 478 (3
1680 423 1842 478 Sept.)

212 496 507 541 Colonienses
529 495 574 537 in
597 494 798 537 adversis
822 496 959 538 rebus
982 509 1008 536 a
1024 495 1175 537 Natali
1193 497 1484 539 consolantur
1501 499 1543 553 (7
1562 499 1704 555 Oct.).
1725 500 1843 542 Cum

211 574 423 630 episcopo
450 571 754 627 herbipolensi
783 573 838 614 de
869 571 1062 627 collegio
1092 571 1331 615 Societatis
1362 573 1580 629 erigendo
1606 590 1753 619 sermo
1776 585 1845 619 est

213 654 251 704 (7
278 652 404 702 Oct.,
443 663 458 692 Ι
492 649 644 704 Now).
689 648 950 693 Sententias
973 649 1292 704 theologorum
1322 649 1562 694 Societatis
1589 654 1844 708 expostulat

211 728 452 783 imperator
477 728 533 769 de
556 725 877 768 communione
906 726 991 768 sub
1022 732 1213 780 utraque
1251 726 1401 781 specie
1435 728 1471 781 (Ι
1514 729 1666 785 Now).
1695 729 1846 773 Patris

212 803 441 847 Victoriae
479 819 504 846 a
541 806 592 846 Β.
630 802 813 846 Canisio
852 801 1075 844 aversioni
1112 802 1247 844 animi
1286 810 1331 845 et
1366 803 1642 847 diffidentiae
1678 807 1845 849 mederi

211 888 433 924 conantur
474 883 566 923 PP.
609 880 774 923 Lainez
804 886 848 922 et
886 879 1032 922 Nadal
1071 880 1140 936 (18
1190 881 1316 932 Oct.,
1356 894 1371 923 1
1404 881 1554 936 Now).
1594 881 1847 938 Episcopus

210 957 566 1014 osnabrugensis
609 972 737 999 suam
770 971 880 1012 erga
910 956 1182 1000 Societatem
1205 957 1570 1001 benevolentiam
1613 960 1850 1014 profitetur

213 1041 283 1092 (27
317 1035 478 1091 Aug).
517 1033 793 1077 Catechismi
830 1033 1078 1077 Monhemii
1115 1048 1307 1077 censura
1343 1034 1594 1078 illustratur
1627 1037 1668 1092 (ὁ
1691 1037 1842 1093 Now).

209 1111 482 1156 Germaniae
504 1110 748 1167 superioris
779 1110 826 1152 in
858 1111 972 1153 duas
995 1109 1259 1174 divisionem
1290 1112 1413 1154 Patri
1441 1112 1608 1156 Lainez
1637 1113 1847 1169 proponit

209 1189 355 1232 Nadal
378 1189 449 1244 (14
472 1188 623 1243 Now).
653 1187 940 1230 Monacensis
963 1186 1138 1241 civitas,
1164 1187 1327 1231 infesta
1349 1189 1423 1231 lue
1440 1189 1627 1244 afflicta,
1646 1190 1844 1233 divinam

208 1281 340 1322 opem
356 1266 584 1321 implorat,
606 1272 650 1307 et
669 1264 827 1307 melius
845 1265 1011 1308 habere
1028 1264 1200 1321 incipit:
1221 1280 1434 1322 prospera
1448 1268 1504 1310 de
1522 1267 1715 1324 collegio
1732 1267 1845 1310 scri—

209 1344 275 1386 bit
298 1342 542 1399 Menginus
567 1347 607 1398 (9
631 1342 776 1397 Deo).
806 1341 1001 1398 Borgiae
1025 1343 1160 1384 Pater
1183 1342 1356 1385 Natalis
1374 1357 1506 1386 suum
1526 1358 1636 1400 erga
1653 1345 1845 1388 Germa--

208 1420 328 1464 niam
351 1434 547 1462 amorem
579 1426 788 1470 testatur,
820 1425 865 1461 et
893 1421 1137 1463 vehemens
1165 1420 1365 1463 studium
1396 1428 1445 1463 ut
1474 1421 1566 1476 apti
1589 1436 1669 1477 pro
1699 1436 1752 1465 ea
1767 1421 1844 1477 ju—

209 1498 356 1540 vanda
378 1496 569 1552 operarii
593 1498 761 1539 Romae
784 1496 1095 1549 instituantur;
1116 1496 1310 1552 ideoque
1333 1499 1390 1541 de
1413 1498 1593 1554 collegii
1615 1498 1846 1554 germani-

207 1575 247 1618 ci
270 1588 485 1631 prospero
507 1588 723 1616 successu
746 1574 932 1629 gaudet,
959 1588 1083 1629 spem
1107 1573 1264 1616 animo·
1280 1575 1439 1618 fovens
1465 1590 1580 1630 «que
1602 1575 1845 1631 podremos

208 1666 335 1695 sacar
357 1652 488 1695 desse
515 1650 708 1706 collegio
731 1666 788 1694 en
810 1651 949 1693 breue
973 1650 1141 1706 tiempo
1164 1666 1273 1707 muy
1294 1652 1468 1695 buenos
1491 1653 1656 1708 galgos
1678 1668 1707 1708 y
1724 1667 1844 1695 mas-

207 1729 323 1773 tines
346 1743 454 1784 para
471 1735 629 1770 contra
646 1735 767 1771 estos
784 1727 1050 1770 demonillos
1072 1743 1101 1783 y
1122 1727 1431 1783 heretiquillos
1447 1730 1505 1773 de
1527 1730 1773 1772 Alemafia»
1802 1732 1841 1785 (5

206 1807 353 1862 Deo).
381 1805 638 1862 Collegium
663 1806 905 1862 Augustae
927 1820 953 1848 a
974 1805 1123 1848 Natali
1147 1806 1507 1861 recognoscitur,
1528 1806 1680 1862 ibique
1698 1807 1843 1849 moni-

209 1891 253 1926 ta
275 1898 356 1939 pro
377 1884 451 1925 lue
475 1898 500 1925 a
522 1882 656 1925 sociis
680 1883 926 1926 avertenda
943 1883 999 1924 ab
1024 1882 1120 1938 ipso
1144 1883 1400 1936 traduntur3
1429 1883 1640 1926 Canisius
1663 1883 1844 1940 sapien-

208 1961 329 2003 tibus
347 1959 529 2002 monitis
546 1966 591 2003 et
609 1958 825 2013 consiliis,
846 1973 1021 2002 summo
1040 1958 1181 2015 ipsius
1198 1959 1376 2012 solatio,
1391 1960 1579 2015 juvatur
1598 1961 1670 2017 (20
1687 1962 1839 2017 Now).

209 2037 533 2093 Lanspergiam
564 2036 687 2079 venit
724 2035 913 2088 Natalis,
946 2035 1099 2090 ibique
1121 2037 1178 2080 de
1199 2036 1432 2079 dotatione
1454 2037 1750 2093 collegiorum
1774 2037 1844 2080 in-

206 2113 527 2171 golstadiensis
555 2121 601 2156 et
632 2113 921 2157 monacensis
953 2113 1071 2156 serio
1101 2113 1288 2170 cogitat,
1330 2129 1516 2169 remque
1549 2129 1652 2157 cum
1675 2114 1843 2170 primo—

208 2192 333 2234 ribus
362 2190 557 2234 civitatis
588 2190 820 2247 transigit,
862 2190 1262 2244 ordinationesque
1298 2190 1694 2246 prudentissimas,
1726 2206 1842 2246 quae

206 2269 408 2325 generali
432 2268 689 2324 praeposito
711 2282 998 2323 summopere
1020 2268 1286 2324 probantur,
1312 2266 1399 2310 illis
1421 2267 1628 2323 collegiis
1650 2268 1842 2324 scriptas

206 2346 420 2401 relinquit
443 2346 515 2402 (20
537 2352 583 2388 et
607 2358 663 2399 24
686 2345 839 2400 Now).
868 2346 964 2387 Has
993 2351 1144 2388 autern
1168 2343 1490 2387 instructiones
1519 2352 1563 2388 et
1592 2345 1840 2388 ordinatio—

206 2437 286 2465 nes
303 2429 405 2479 post
423 2437 579 2466 omnes
596 2421 809 2478 epistolas
827 2421 871 2464 in
891 2421 1049 2463 ultimo
1068 2421 1243 2463 illarum
1261 2420 1508 2473 volumine,
1521 2423 1621 2465 Deo
1629 2422 1837 2477 juvante,

207 2499 428 2542 dabimus.
473 2499 808 2542 Annotationes
837 2498 1011 2541 doctori
1042 2498 1224 2550 Paivae,
1265 2498 1322 2541 de
1350 2499 1486 2541 rebus
1517 2498 1757 2542 Societatis
1794 2499 1841 2542 in

208 2576 487 2619 Kemnitium
515 2575 748 2629 scribenti,
779 2591 805 2618 a
836 2578 971 2619 Patre
999 2575 1145 2618 Nadal
1173 2574 1520 2630 suppeditantur
1549 2576 1620 2632 (24
1649 2578 1787 2629 Now,
1820 2589 1836 2619 Ι

207 2653 348 2707 Dec.)
376 2653 656 2709 Straubinga
694 2652 938 2708 collegium
963 2650 1203 2696 Societatis
1232 2650 1473 2706 impetrare
1508 2653 1742 2697 contendit
1764 2655 1842 2710 (20

207 2729 359 2785 Now).
387 2731 457 2772 De
480 2729 755 2772 catechismo
774 2730 955 2773 tandem
976 2728 1311 2784 locupletando,
1331 2728 1389 2772 de
1411 2728 1573 2773 litteris
1590 2730 1752 2780 indic-is
1773 2732 1840 2773 la-

206 2805 300 2855 tine
322 2806 569 2858 vertendis,
609 2808 666 2850 de
696 2808 832 2850 rebus
861 2805 1139 2861 Antverpiae
1170 2812 1214 2848 et
1247 2805 1453 2858 Lovanii,
1485 2806 1676 2862 aliisque
1705 2807 1840 2850 rebus

207 2882 365 2924 ultima
393 2883 530 2938 hujus
557 2883 663 2925 anni
701 2883 905 2939 epistola,
939 2882 1156 2925 Tridento
1193 2897 1218 2925 a
1257 2882 1457 2925 Polanco
1494 2895 1544 2936 14
1573 2883 1838 2928 Decembris

209 2960 329 3011 data,
356 2959 551 3002 disserit.
