1958 3210
832 140 922 177 1554
1646 136 1693 171 23

63 242 247 292 possent
268 233 525 277 concionari
546 234 619 277 vel
641 233 888 277 ministeria
909 247 992 276 sua
1014 233 1152 278 obire.
1175 234 1432 278 Deterritus
1454 237 1635 281 tandem
1665 252 1692 279 a

66 311 225 355 nuntio
249 310 446 366 Poggio,
472 310 548 365 qui
572 309 786 353 acerrime
810 311 990 353 tandem
1023 310 1085 352 illi
1112 310 1311 354 minatus
1339 319 1424 366 est,
1456 313 1697 356 reuocauit

66 388 278 432 edictum.
304 387 541 431 Aduersus
563 389 684 430 hunc
706 386 846 430 Iulius
870 398 962 442 3‘us
985 387 1106 430 misit
1129 402 1254 431 acres
1276 387 1444 441 literas,
1471 404 1582 445 quas
1599 405 1693 433 non

67 463 264 521 oportuit
285 464 407 507 dare:
433 463 627 506 redierat
648 463 736 506 iam
758 471 890 507 antea
913 465 968 506 ad
992 464 1203 507 officium.
1237 465 1242 522 Ι

676 584 953 636 COMPLUTI,
991 595 1061 626 2.0

155 698 257 740 Non
284 697 422 752 longe
452 697 704 748 aberamus,
737 711 875 751 quum
904 711 1012 752 prae
1040 696 1355 752 magnitudine
1388 697 1396 717 ¹
1437 712 1527 739 non
1566 698 1692 752 potui

66 788 142 816 ore
163 772 363 829 recipere
379 779 536 815 votum
554 774 823 817 Santander:
845 787 928 815 nec
945 772 1124 825 mirum;
1145 772 1356 816 veniebat
1374 780 1482 816 tunc
1500 773 1693 829 primum

66 866 91 895 e
112 850 280 901 seculo,
306 856 393 891 etc.
421 849 574 892 Habui
597 849 949 893 exhortationes:
975 849 1173 902 visitaui,
1207 856 1319 893 etc.:
1352 849 1552 894 intellexi
1585 850 1694 893 mis-

67 941 140 969 sos
162 926 299 969 fuisse
321 942 347 969 a
370 925 626 978 Villanoua,
653 940 767 981 quos
788 926 1004 969 dixeram.
1031 928 1335 982 Interceperat
1357 940 1443 980 400
1479 937 1520 972 Δ
1551 926 1688 970 Villa-

68 1018 201 1055 noua,
227 1003 303 1058 qui
327 1010 454 1047 erant
476 1005 663 1046 Romam
687 1003 912 1047 destinati:
948 1005 1070 1058 quod
1099 1018 1186 1059 ego
1214 1018 1351 1060 aegre
1380 1003 1561 1059 quidem
1591 1004 1690 1055 tuli⁷

69 1087 115 1125 et
142 1080 396 1136 significaui
424 1094 504 1136 per
527 1081 905 1132 Bustamantium,
932 1088 977 1123 et
1006 1088 1156 1124 tamen
1184 1095 1275 1123 non
1304 1081 1478 1137 repetij.
1510 1082 1576 1123 17
1607 1081 1693 1136 Egi

70 1158 124 1200 de
146 1156 338 1213 collegio
360 1156 601 1200 conchensi
626 1172 705 1212 per
734 1157 1021 1200 Villanouam
1049 1172 1152 1200 cum
1181 1157 1399 1200 canonico
1428 1158 1442 1178 ²
1473 1173 1499 1201 a
1530 1160 1690 1201 Puteo:

69 1234 327 1277 inchoatum
350 1240 434 1277 est:
461 1234 751 1277 confirmatus
772 1234 950 1277 animus
971 1234 1169 1277 doctoris
1192 1236 1440 1291 Vergarae.

154 1310 357 1354 Intellexi
379 1312 530 1354 Araoz
557 1311 830 1366 expunxisse
857 1318 897 1351 τὸ
936 1311 1135 1355 «etiamsi
1165 1319 1308 1355 esset»
1343 1326 1398 1354 ex
1434 1324 1485 1365 14
1513 1297 1690 1367 regula,

67 1402 182 1444 quae
217 1387 374 1430 vltimo
402 1394 557 1430 extant
591 1388 635 1429 in
676 1388 921 1444 exercitijs:
963 1388 1205 1431 deterritus
1234 1388 1407 1432 scilicet
1444 1404 1470 1431 a
1506 1389 1693 1430 doctore

67 1466 251 1518 Cuesta,
277 1472 322 1507 et
343 1464 632 1508 substituisse
659 1464 859 1508 «etiamsi
876 1465 979 1508 sit».

155 1541 357 1585 Intellexi
399 1541 631 1597 scripsisse
677 1542 909 1585 doctorem
958 1544 1168 1594 Torrem,
1221 1542 1297 1597 qui
1335 1543 1560 1598 professor
1597 1549 1694 1586 erat

70 1618 342 1674 theologiae,
367 1633 447 1674 pro
470 1618 696 1674 exercitijs
717 1620 749 1670 ³,
770 1619 1003 1664 doctorem
1028 1619 1162 1664 etiam
1184 1621 1436 1676 Vergaram
1459 1633 1540 1674 pro
1561 1633 1663 1662 exer
1679 1644 1693 1648 -

69 1694 186 1751 citijs
208 1694 478 1739 sententiam
499 1695 680 1738 dixisse.
708 1696 848 1739 Effeci
870 1703 919 1739 vt
945 1698 1082 1739 D.nuS
1106 1696 1413 1752 Hieronymus
1442 1695 1639 1739 Viuerus
1668 1710 1695 1737 a

69 1772 260 1829 collegio
282 1779 579 1828 separaretur.
612 1772 618 1830 Ι
646 1772 749 1817 Misi
768 1773 1045 1816 Placentiam
1065 1776 1116 1817 P.
1144 1773 1446 1825 Villanouam,
1472 1779 1521 1815 vt
1537 1780 1695 1829 ageret

69 1850 125 1892 de
147 1849 339 1906 collegio
362 1863 465 1892 cum
488 1849 714 1906 episcopo.

152 1968 223 2011 18
605 1971 952 2023 VALLISOLET1‚
990 1984 1137 2013 PRIMO

156 2081 245 2124 Hic
266 2088 335 2124 est
356 2081 565 2137 expedita
587 2081 785 2137 prouisio
807 2082 986 2138 collegij
1013 2081 1185 2125 romani
1208 2082 1264 2125 ad
1287 2082 1403 2124 6000
1432 2091 1473 2127 Δ
1509 2095 1565 2123 ex
1595 2080 1693 2124 iure

69 2159 122 2201 P.
148 2158 393 2212 Francisci‚
419 2174 475 2203 ex
503 2169 613 2213 1500
643 2169 684 2205 Δ
719 2158 959 2202 duchissae
987 2167 1032 2203 et
1060 2173 1116 2202 ex
1151 2171 1262 2202 1000
1283 2158 1482 2215 episcopi
1510 2157 1692 2201 Schira—

68 2234 172 2291 chij,
199 2243 244 2280 et
265 2251 323 2279 ne
345 2237 529 2279 obolum
553 2235 735 2291 quidem
758 2251 814 2280 ex
835 2236 1053 2292 collegijs.
1081 2238 1146 2278 Eo
1167 2235 1292 2279 venit
1314 2237 1528 2287 Herrera,
1559 2249 1694 2290 quem

68 2326 324 2368 receperam
347 2312 596 2369 Compluti,
619 2320 664 2356 et
685 2313 773 2355 iam
797 2320 892 2356 tum
909 2313 1018 2355 mihi
1035 2312 1263 2368 displicuit
1281 2327 1372 2355 non
1388 2311 1690 2355 mediocriter.

70 2376 318 2432 Rodoricus
330 2390 504 2433 Gomez
521 2389 1048 2445 recepitnumeraturum
1066 2403 1115 2432 se
1133 2404 1231 2433 eam
1249 2388 1485 2445 pecuniam
1503 2390 1691 2440 Romae,

68 2472 201 2520 prout
223 2476 348 2520 1500,
369 2480 482 2521 quos
500 2481 588 2523 ego
604 2466 687 2509 tuli
714 2466 720 2524 Ι
748 2467 794 2509 in
810 2474 1062 2519 numerato,
1091 2481 1205 2521 quae
1229 2473 1381 2509 tamen
1411 2466 1590 2508 duobus
1611 2480 1694 2508 an-

68 2540 138 2585 nis
158 2557 249 2585 non
272 2550 342 2587 est
363 2544 467 2587 data
488 2543 670 2597 nostris3
695 2559 853 2588 verum
872 2543 1043 2587 addidit
1064 2544 1158 2599 ipse
1178 2554 1278 2597 500,
1298 2550 1347 2585 vt
1364 2544 1578 2586 damnum
1595 2557 1693 2584 mou

66 2633 142 2663 rae
169 2620 444 2665 refunderet.
476 2620 564 2664 Hic
591 2620 770 2677 plenius
799 2620 999 2664 intellexi
1022 2623 1078 2664 de
1106 2620 1423 2664 exercitiorum
1450 2619 1691 2663 delatione:

63 2709 164 2739 esse
180 2697 329 2740 delata
344 2712 371 2740 a
387 2695 613 2757 quo[dam]
631 2704 917 2753 praesentato
934 2697 1323 2741 dominicanorum
1342 2697 1595 2748 Pedrocho-,
1616 2696 1696 2750 qui

139 2822 150 2842 ¹
201 2820 281 2868 Sic,
300 2833 419 2858 sensu
437 2822 687 2870 incompleto.

138 2882 152 2901 2
202 2881 292 2927 Ms.,
311 2883 510 2918 cononico.

140 2941 154 2960 ³
204 2940 293 2986 Ms.‚
313 2942 505 2988 exercitij.
