<?xml version="1.0" encoding="UTF-8"?>
<!DOCTYPE html PUBLIC "-//W3C//DTD XHTML 1.0 Transitional//EN"
    "http://www.w3.org/TR/xhtml1/DTD/xhtml1-transitional.dtd">
<html xmlns="http://www.w3.org/1999/xhtml" xml:lang="en" lang="en">
 <head>
  <title>
</title>
<meta http-equiv="Content-Type" content="text/html;charset=utf-8" />
  <meta name='ocr-system' content='tesseract 3.04.00' />
  <meta name='ocr-capabilities' content='ocr_page ocr_carea ocr_par ocr_line ocrx_word'/>
</head>
<body>
  <div class='ocr_page' id='page_1' title='image "./epistolaephieron09nada_0395.png"; bbox 0 0 1958 3210; ppageno 0'>
   <div class='ocr_carea' id='block_1_1' title="bbox 660 139 1672 188">
    <p class='ocr_par' dir='ltr' id='par_1_1' title="bbox 660 139 1672 188">
     <span class='ocr_line' id='line_1_1' title="bbox 660 139 1672 188; baseline -0.005 -9"><span class='ocrx_word' id='word_1_1' title='bbox 660 153 705 188; x_wconf 85' lang='lat'><em>24</em></span> <span class='ocrx_word' id='word_1_2' title='bbox 732 144 923 179; x_wconf 86' lang='lat' dir='ltr'>AUGUSTI</span> <span class='ocrx_word' id='word_1_3' title='bbox 953 141 1042 186; x_wconf 81' lang='lat'>1563</span> <span class='ocrx_word' id='word_1_4' title='bbox 1602 139 1672 175; x_wconf 88' lang='lat'><em>363</em></span> 
     </span>
    </p>
   </div>
   <div class='ocr_carea' id='block_1_2' title="bbox 41 240 1681 1227">
    <p class='ocr_par' dir='ltr' id='par_1_2' title="bbox 41 240 1673 524">
     <span class='ocr_line' id='line_1_2' title="bbox 41 240 1672 302; baseline -0.007 -8"><span class='ocrx_word' id='word_1_5' title='bbox 41 247 386 299; x_wconf 84' lang='lat' dir='ltr'><em>estraordinario</em></span> <span class='ocrx_word' id='word_1_6' title='bbox 429 248 457 299; x_wconf 84' lang='lat'><em>¹,</em></span> <span class='ocrx_word' id='word_1_7' title='bbox 500 249 603 302; x_wconf 82' lang='lat' dir='ltr'><em>aqui</em></span> <span class='ocrx_word' id='word_1_8' title='bbox 626 246 774 289; x_wconf 85' lang='lat' dir='ltr'><em>embio</em></span> <span class='ocrx_word' id='word_1_9' title='bbox 796 249 821 286; x_wconf 74' lang='grc' dir='ltr'><em>ἐι</em></span> <span class='ocrx_word' id='word_1_10' title='bbox 843 245 898 287; x_wconf 91' lang='lat' dir='ltr'><em>V.</em></span> <span class='ocrx_word' id='word_1_11' title='bbox 923 245 976 286; x_wconf 88' lang='lat' dir='ltr'><em>R.</em></span> <span class='ocrx_word' id='word_1_12' title='bbox 1003 244 1045 286; x_wconf 78' lang='lat' dir='ltr'><em>la</em></span> <span class='ocrx_word' id='word_1_13' title='bbox 1067 242 1260 299; x_wconf 83' lang='lat' dir='ltr'><em>original</em></span> <span class='ocrx_word' id='word_1_14' title='bbox 1297 256 1429 298; x_wconf 84' lang='lat' dir='ltr'>sopra</span> <span class='ocrx_word' id='word_1_15' title='bbox 1456 242 1497 286; x_wconf 88' lang='lat' dir='ltr'><em>el</em></span> <span class='ocrx_word' id='word_1_16' title='bbox 1524 240 1672 284; x_wconf 83' lang='lat' dir='ltr'><em>officio</em></span> 
     </span>
     <span class='ocr_line' id='line_1_3' title="bbox 42 318 1673 385; baseline -0.007 -14"><span class='ocrx_word' id='word_1_17' title='bbox 42 342 126 385; x_wconf 90' lang='lat' dir='ltr'><em>que</em></span> <span class='ocrx_word' id='word_1_18' title='bbox 153 326 208 369; x_wconf 93' lang='lat' dir='ltr'><em>de</em></span> <span class='ocrx_word' id='word_1_19' title='bbox 226 325 310 367; x_wconf 64' lang='lat' dir='ltr'>alla</span> <span class='ocrx_word' id='word_1_20' title='bbox 332 339 380 367; x_wconf 84' lang='lat' dir='ltr'><em>se</em></span> <span class='ocrx_word' id='word_1_21' title='bbox 402 323 538 367; x_wconf 76' lang='lat' dir='ltr'><em>desea</em></span> <span class='ocrx_word' id='word_1_22' title='bbox 567 324 686 378; x_wconf 81' lang='lat' dir='ltr'>haga</span> <span class='ocrx_word' id='word_1_23' title='bbox 716 322 781 365; x_wconf 83' lang='lat' dir='ltr'><em>Su</em></span> <span class='ocrx_word' id='word_1_24' title='bbox 811 321 1048 376; x_wconf 80' lang='lat' dir='ltr'><em>Magestad</em></span> <span class='ocrx_word' id='word_1_25' title='bbox 1072 334 1179 375; x_wconf 78' lang='lat' dir='ltr'><em>para</em></span> <span class='ocrx_word' id='word_1_26' title='bbox 1202 318 1336 375; x_wconf 80' lang='lat' dir='ltr'>quien</span> <span class='ocrx_word' id='word_1_27' title='bbox 1355 319 1562 361; x_wconf 77' lang='lat' dir='ltr'><em>sabemos</em></span> <span class='ocrx_word' id='word_1_28' title='bbox 1585 332 1673 373; x_wconf 90' lang='lat' dir='ltr'><em>que</em></span> 
     </span>
     <span class='ocr_line' id='line_1_4' title="bbox 43 395 1673 457; baseline -0.007 -9"><span class='ocrx_word' id='word_1_29' title='bbox 43 412 169 449; x_wconf 83' lang='lat' dir='ltr'><em>staua</em></span> <span class='ocrx_word' id='word_1_30' title='bbox 190 401 359 457; x_wconf 78' lang='lat' dir='ltr'><em>aquila</em></span> <span class='ocrx_word' id='word_1_31' title='bbox 382 406 616 455; x_wconf 79' lang='lat' dir='ltr'><em>respuesta</em></span> <span class='ocrx_word' id='word_1_32' title='bbox 639 398 712 442; x_wconf 87' lang='lat' dir='ltr'><em>del</em></span> <span class='ocrx_word' id='word_1_33' title='bbox 750 412 879 453; x_wconf 79' lang='lat' dir='ltr'>papa,</span> <span class='ocrx_word' id='word_1_34' title='bbox 905 412 933 452; x_wconf 88' lang='lat' dir='ltr'>y</span> <span class='ocrx_word' id='word_1_35' title='bbox 964 399 1051 439; x_wconf 81' lang='lat' dir='ltr'><em>assi</em></span> <span class='ocrx_word' id='word_1_36' title='bbox 1082 411 1130 439; x_wconf 84' lang='lat' dir='ltr'><em>se</em></span> <span class='ocrx_word' id='word_1_37' title='bbox 1161 397 1225 439; x_wconf 86' lang='lat' dir='ltr'><em>les</em></span> <span class='ocrx_word' id='word_1_38' title='bbox 1254 397 1393 438; x_wconf 65' lang='lat' dir='ltr'><em>habre</em></span> <span class='ocrx_word' id='word_1_39' title='bbox 1422 396 1435 415; x_wconf 72' lang='lat'><strong>²</strong></span> <span class='ocrx_word' id='word_1_40' title='bbox 1466 395 1673 438; x_wconf 82' lang='lat' dir='ltr'><em>embiado</em></span> 
     </span>
     <span class='ocr_line' id='line_1_5' title="bbox 45 476 678 524; baseline -0.011 0"><span class='ocrx_word' id='word_1_41' title='bbox 45 495 129 524; x_wconf 91' lang='lat' dir='ltr'><em>con</em></span> <span class='ocrx_word' id='word_1_42' title='bbox 147 480 212 522; x_wconf 80' lang='lat' dir='ltr'><em>las</em></span> <span class='ocrx_word' id='word_1_43' title='bbox 234 478 290 520; x_wconf 88' lang='lat' dir='ltr'><em>de</em></span> <span class='ocrx_word' id='word_1_44' title='bbox 312 477 379 520; x_wconf 91' lang='grc'><em>105</em></span> <span class='ocrx_word' id='word_1_45' title='bbox 402 476 678 519; x_wconf 79' lang='lat' dir='ltr'><em>cardenales.</em></span> 
     </span>
    </p>

    <p class='ocr_par' dir='ltr' id='par_1_3' title="bbox 45 549 1678 908">
     <span class='ocr_line' id='line_1_6' title="bbox 132 549 1677 608; baseline -0.005 -9"><span class='ocrx_word' id='word_1_46' title='bbox 132 555 307 599; x_wconf 87' lang='lat' dir='ltr'><em>Viendo</em></span> <span class='ocrx_word' id='word_1_47' title='bbox 331 555 344 575; x_wconf 80' lang='lat'><strong>⁵</strong></span> <span class='ocrx_word' id='word_1_48' title='bbox 369 568 459 608; x_wconf 89' lang='lat' dir='ltr'><em>que</em></span> <span class='ocrx_word' id='word_1_49' title='bbox 479 553 536 596; x_wconf 89' lang='lat' dir='ltr'><em>de</em></span> <span class='ocrx_word' id='word_1_50' title='bbox 558 553 744 594; x_wconf 79' lang='lat' dir='ltr'><em>muchas</em></span> <span class='ocrx_word' id='word_1_51' title='bbox 766 558 916 606; x_wconf 82' lang='lat' dir='ltr'><em>partes</em></span> <span class='ocrx_word' id='word_1_52' title='bbox 939 549 1119 593; x_wconf 80' lang='lat' dir='ltr'><em>seriuen</em></span> <span class='ocrx_word' id='word_1_53' title='bbox 1141 551 1207 593; x_wconf 91' lang='grc'><em>105</em></span> <span class='ocrx_word' id='word_1_54' title='bbox 1230 551 1422 605; x_wconf 80' lang='lat' dir='ltr'><em>hereges</em></span> <span class='ocrx_word' id='word_1_55' title='bbox 1455 556 1612 591; x_wconf 80' lang='lat' dir='ltr'><em>contra</em></span> <span class='ocrx_word' id='word_1_56' title='bbox 1635 549 1677 591; x_wconf 82' lang='lat' dir='ltr'><em>la</em></span> 
     </span>
     <span class='ocr_line' id='line_1_7' title="bbox 46 626 1676 689; baseline -0.006 -12"><span class='ocrx_word' id='word_1_57' title='bbox 46 635 307 689; x_wconf 74' lang='lat' dir='ltr'><em>Compafiia,</em></span> <span class='ocrx_word' id='word_1_58' title='bbox 331 646 361 687; x_wconf 90' lang='lat' dir='ltr'><strong>y</strong></span> <span class='ocrx_word' id='word_1_59' title='bbox 384 644 472 685; x_wconf 89' lang='lat' dir='ltr'><em>que</em></span> <span class='ocrx_word' id='word_1_60' title='bbox 493 633 641 685; x_wconf 73' lang='lat' dir='ltr'><em>segi&#39;m</em></span> <span class='ocrx_word' id='word_1_61' title='bbox 662 629 729 671; x_wconf 90' lang='grc'><em>105</em></span> <span class='ocrx_word' id='word_1_62' title='bbox 751 630 963 670; x_wconf 83' lang='lat' dir='ltr'><em>humores</em></span> <span class='ocrx_word' id='word_1_63' title='bbox 985 627 1042 670; x_wconf 87' lang='lat' dir='ltr'><em>de</em></span> <span class='ocrx_word' id='word_1_64' title='bbox 1071 628 1309 678; x_wconf 76' lang='lat' dir='ltr'><em>Alemafia,</em></span> <span class='ocrx_word' id='word_1_65' title='bbox 1342 640 1502 681; x_wconf 81' lang='lat' dir='ltr'><em>parece</em></span> <span class='ocrx_word' id='word_1_66' title='bbox 1529 639 1578 667; x_wconf 92' lang='grc'><em>56</em></span> <span class='ocrx_word' id='word_1_67' title='bbox 1612 626 1676 667; x_wconf 89' lang='grc'><em>165</em></span> 
     </span>
     <span class='ocr_line' id='line_1_8' title="bbox 45 701 1678 764; baseline -0.005 -11"><span class='ocrx_word' id='word_1_68' title='bbox 45 711 197 753; x_wconf 80' lang='lat' dir='ltr'><em>debria</em></span> <span class='ocrx_word' id='word_1_69' title='bbox 220 707 479 764; x_wconf 74' lang='lat' dir='ltr'><em>respondes,</em></span> <span class='ocrx_word' id='word_1_70' title='bbox 506 705 617 749; x_wconf 88' lang='lat' dir='ltr'><em>mire</em></span> <span class='ocrx_word' id='word_1_71' title='bbox 640 707 697 749; x_wconf 93' lang='lat' dir='ltr'><em>V.</em></span> <span class='ocrx_word' id='word_1_72' title='bbox 725 707 780 748; x_wconf 89' lang='lat' dir='ltr'><em>R.</em></span> <span class='ocrx_word' id='word_1_73' title='bbox 806 704 843 747; x_wconf 92' lang='grc'><em>51</em></span> <span class='ocrx_word' id='word_1_74' title='bbox 871 719 926 747; x_wconf 89' lang='lat' dir='ltr'><em>en</em></span> <span class='ocrx_word' id='word_1_75' title='bbox 956 703 1233 759; x_wconf 77' lang='lat' dir='ltr'><em>Ingolstadio</em></span> <span class='ocrx_word' id='word_1_76' title='bbox 1262 703 1418 758; x_wconf 80' lang='lat' dir='ltr'><em>podria</em></span> <span class='ocrx_word' id='word_1_77' title='bbox 1447 701 1590 744; x_wconf 84' lang='lat' dir='ltr'><em>seruir</em></span> <span class='ocrx_word' id='word_1_78' title='bbox 1621 702 1678 745; x_wconf 87' lang='lat' dir='ltr'><em>de</em></span> 
     </span>
     <span class='ocr_line' id='line_1_9' title="bbox 45 781 1678 843; baseline -0.004 -13"><span class='ocrx_word' id='word_1_79' title='bbox 45 788 146 843; x_wconf 84' lang='lat' dir='ltr'><em>algo</em></span> <span class='ocrx_word' id='word_1_80' title='bbox 167 787 296 828; x_wconf 82' lang='lat' dir='ltr'><em>desto</em></span> <span class='ocrx_word' id='word_1_81' title='bbox 319 785 348 826; x_wconf 91' lang='lat' dir='ltr'><em>il</em></span> <span class='ocrx_word' id='word_1_82' title='bbox 370 786 453 827; x_wconf 87' lang='lat' dir='ltr'><em>D.r</em></span> <span class='ocrx_word' id='word_1_83' title='bbox 486 783 591 828; x_wconf 80' lang='lat' dir='ltr'><em>Pisa</em></span> <span class='ocrx_word' id='word_1_84' title='bbox 612 787 638 825; x_wconf 84' lang='grc' dir='ltr'><strong>ό</strong></span> <span class='ocrx_word' id='word_1_85' title='bbox 661 783 801 839; x_wconf 73' lang='lat' dir='ltr'><em>algsm</em></span> <span class='ocrx_word' id='word_1_86' title='bbox 823 789 922 824; x_wconf 86' lang='lat' dir='ltr'><em>otro</em></span> <span class='ocrx_word' id='word_1_87' title='bbox 945 796 1001 824; x_wconf 91' lang='lat' dir='ltr'><em>en</em></span> <span class='ocrx_word' id='word_1_88' title='bbox 1024 788 1122 824; x_wconf 78' lang='lat' dir='ltr'><em>otra</em></span> <span class='ocrx_word' id='word_1_89' title='bbox 1145 781 1159 800; x_wconf 61' lang='lat' dir='ltr'><em>s*</em></span> <span class='ocrx_word' id='word_1_90' title='bbox 1182 788 1325 837; x_wconf 79' lang='lat' dir='ltr'><strong>parte.</strong></span> <span class='ocrx_word' id='word_1_91' title='bbox 1353 782 1530 836; x_wconf 78' lang='lat' dir='ltr'><em>Questo</em></span> <span class='ocrx_word' id='word_1_92' title='bbox 1557 781 1678 824; x_wconf 80' lang='lat' dir='ltr'><em>sirua</em></span> 
     </span>
     <span class='ocr_line' id='line_1_10' title="bbox 46 863 326 908; baseline -0.018 0"><span class='ocrx_word' id='word_1_93' title='bbox 46 865 102 908; x_wconf 91' lang='grc'><strong>(16</strong></span> <span class='ocrx_word' id='word_1_94' title='bbox 126 863 326 906; x_wconf 82' lang='lat' dir='ltr'><em>recordo.</em></span> 
     </span>
    </p>

    <p class='ocr_par' dir='ltr' id='par_1_4' title="bbox 50 929 1681 1227">
     <span class='ocr_line' id='line_1_11' title="bbox 137 929 1674 992; baseline -0.004 -9"><span class='ocrx_word' id='word_1_95' title='bbox 137 929 377 983; x_wconf 80' lang='lat' dir='ltr'><em>Hauiendo</em></span> <span class='ocrx_word' id='word_1_96' title='bbox 399 938 456 980; x_wconf 88' lang='lat' dir='ltr'><em>de</em></span> <span class='ocrx_word' id='word_1_97' title='bbox 479 936 607 981; x_wconf 88' lang='lat' dir='ltr'><em>uenir</em></span> <span class='ocrx_word' id='word_1_98' title='bbox 630 943 781 992; x_wconf 84' lang='lat' dir='ltr'><em>presto</em></span> <span class='ocrx_word' id='word_1_99' title='bbox 804 936 871 978; x_wconf 90' lang='grc'><strong>105</strong></span> <span class='ocrx_word' id='word_1_100' title='bbox 893 937 948 978; x_wconf 90' lang='grc'><em>(16</em></span> <span class='ocrx_word' id='word_1_101' title='bbox 971 937 1114 978; x_wconf 80' lang='lat' dir='ltr'><em>Roma</em></span> <span class='ocrx_word' id='word_1_102' title='bbox 1137 950 1244 991; x_wconf 81' lang='lat' dir='ltr'><em>para</em></span> <span class='ocrx_word' id='word_1_103' title='bbox 1266 934 1520 988; x_wconf 79' lang='lat' dir='ltr'><em>Alemania,</em></span> <span class='ocrx_word' id='word_1_104' title='bbox 1542 936 1599 978; x_wconf 93' lang='lat' dir='ltr'><em>V.</em></span> <span class='ocrx_word' id='word_1_105' title='bbox 1621 936 1674 977; x_wconf 90' lang='lat' dir='ltr'><strong>R.</strong></span> 
     </span>
     <span class='ocr_line' id='line_1_12' title="bbox 50 1012 1681 1068; baseline -0.006 -6"><span class='ocrx_word' id='word_1_106' title='bbox 50 1033 131 1062; x_wconf 84' lang='lat' dir='ltr'><em>uea</em></span> <span class='ocrx_word' id='word_1_107' title='bbox 153 1016 189 1059; x_wconf 83' lang='lat' dir='ltr'><em>si</em></span> <span class='ocrx_word' id='word_1_108' title='bbox 213 1019 333 1058; x_wconf 60' lang='lat' dir='ltr'><em>serre</em></span> <span class='ocrx_word' id='word_1_109' title='bbox 354 1014 460 1058; x_wconf 84' lang='lat' dir='ltr'><em>bien</em></span> <span class='ocrx_word' id='word_1_110' title='bbox 483 1020 641 1056; x_wconf 82' lang='lat' dir='ltr'><em>trattar</em></span> <span class='ocrx_word' id='word_1_111' title='bbox 664 1027 751 1068; x_wconf 84' lang='lat' dir='ltr'><em>que</em></span> <span class='ocrx_word' id='word_1_112' title='bbox 782 1014 796 1035; x_wconf 79' lang='lat'>⁵</span> <span class='ocrx_word' id='word_1_113' title='bbox 823 1028 871 1056; x_wconf 87' lang='grc'><em>56</em></span> <span class='ocrx_word' id='word_1_114' title='bbox 893 1013 957 1055; x_wconf 89' lang='grc'><em>165</em></span> <span class='ocrx_word' id='word_1_115' title='bbox 980 1013 1035 1054; x_wconf 80' lang='grc'><em>(16</em></span> <span class='ocrx_word' id='word_1_116' title='bbox 1058 1012 1206 1067; x_wconf 81' lang='lat' dir='ltr'>ayuda</span> <span class='ocrx_word' id='word_1_117' title='bbox 1229 1012 1285 1054; x_wconf 91' lang='lat' dir='ltr'><em>de</em></span> <span class='ocrx_word' id='word_1_118' title='bbox 1324 1012 1502 1064; x_wconf 59' lang='lat' dir='ltr'><em>viatico,</em></span> <span class='ocrx_word' id='word_1_119' title='bbox 1529 1025 1616 1067; x_wconf 92' lang='lat' dir='ltr'><em>que</em></span> <span class='ocrx_word' id='word_1_120' title='bbox 1638 1012 1681 1053; x_wconf 80' lang='lat' dir='ltr'><em>la</em></span> 
     </span>
     <span class='ocr_line' id='line_1_13' title="bbox 51 1088 1681 1147; baseline -0.004 -10"><span class='ocrx_word' id='word_1_121' title='bbox 51 1098 183 1137; x_wconf 76' lang='lat' dir='ltr'><em>razon</em></span> <span class='ocrx_word' id='word_1_122' title='bbox 207 1096 294 1135; x_wconf 78' lang='lat' dir='ltr'><em>assi</em></span> <span class='ocrx_word' id='word_1_123' title='bbox 318 1105 477 1147; x_wconf 78' lang='lat' dir='ltr'><em>parece</em></span> <span class='ocrx_word' id='word_1_124' title='bbox 499 1091 542 1133; x_wconf 92' lang='grc'><em>10</em></span> <span class='ocrx_word' id='word_1_125' title='bbox 564 1089 785 1145; x_wconf 87' lang='lat' dir='ltr'><em>requiere,</em></span> <span class='ocrx_word' id='word_1_126' title='bbox 807 1088 1161 1146; x_wconf 80' lang='lat' dir='ltr'><em>spe[e]ialmente</em></span> <span class='ocrx_word' id='word_1_127' title='bbox 1179 1089 1340 1131; x_wconf 82' lang='lat' dir='ltr'><em>stando</em></span> <span class='ocrx_word' id='word_1_128' title='bbox 1358 1089 1429 1132; x_wconf 79' lang='lat' dir='ltr'><em>alli</em></span> <span class='ocrx_word' id='word_1_129' title='bbox 1449 1090 1586 1131; x_wconf 76' lang='lat' dir='ltr'>ahora</span> <span class='ocrx_word' id='word_1_130' title='bbox 1605 1094 1681 1131; x_wconf 83' lang='lat' dir='ltr'><em>tan</em></span> 
     </span>
     <span class='ocr_line' id='line_1_14' title="bbox 53 1172 528 1227; baseline -0.011 -13"><span class='ocrx_word' id='word_1_131' title='bbox 53 1175 241 1227; x_wconf 67' lang='lat' dir='ltr'><em>peueres</em></span> <span class='ocrx_word' id='word_1_132' title='bbox 263 1183 390 1212; x_wconf 84' lang='lat' dir='ltr'><em>come</em></span> <span class='ocrx_word' id='word_1_133' title='bbox 413 1172 528 1210; x_wconf 59' lang='lat' dir='ltr'><em>stan.</em></span> 
     </span>
    </p>
   </div>
   <div class='ocr_carea' id='block_1_3' title="bbox 313 1330 1368 1594">
    <p class='ocr_par' dir='ltr' id='par_1_5' title="bbox 313 1330 1368 1594">
     <span class='ocr_line' id='line_1_15' title="bbox 804 1330 928 1370; baseline 0 0"><span class='ocrx_word' id='word_1_134' title='bbox 804 1330 928 1370; x_wconf 77' lang='lat'><em>3⁰3</em></span> 
     </span>
     <span class='ocr_line' id='line_1_16' title="bbox 313 1416 1368 1487; baseline -0.002 -10"><span class='ocrx_word' id='word_1_135' title='bbox 313 1457 324 1487; x_wconf 81' lang='lat'><em>·.</em></span> <span class='ocrx_word' id='word_1_136' title='bbox 376 1437 442 1477; x_wconf 81' lang='lat' dir='ltr'><strong>P.</strong></span> <span class='ocrx_word' id='word_1_137' title='bbox 495 1416 1041 1477; x_wconf 83' lang='lat' dir='ltr'><strong>HIERONYMUS</strong></span> <span class='ocrx_word' id='word_1_138' title='bbox 1089 1433 1368 1475; x_wconf 87' lang='lat' dir='ltr'><strong>NADAL</strong></span> 
     </span>
     <span class='ocr_line' id='line_1_17' title="bbox 562 1539 1173 1594; baseline -0.002 -20"><span class='ocrx_word' id='word_1_139' title='bbox 562 1541 719 1575; x_wconf 87' lang='lat' dir='ltr'><strong>PATRI</strong></span> <span class='ocrx_word' id='word_1_140' title='bbox 747 1539 952 1594; x_wconf 74' lang='lat' dir='ltr'><strong>JAQOBO</strong></span> <span class='ocrx_word' id='word_1_141' title='bbox 979 1539 1173 1574; x_wconf 88' lang='lat' dir='ltr'>LAINEZ</span> 
     </span>
    </p>
   </div>
   <div class='ocr_carea' id='block_1_4' title="bbox 448 1633 1286 1682">
    <p class='ocr_par' dir='ltr' id='par_1_6' title="bbox 448 1633 1286 1682">
     <span class='ocr_line' id='line_1_18' title="bbox 448 1633 1286 1682; baseline -0.002 -11"><span class='ocrx_word' id='word_1_142' title='bbox 448 1645 739 1682; x_wconf 82' lang='lat' dir='ltr'><strong>VINDOBONAE,</strong></span> <span class='ocrx_word' id='word_1_143' title='bbox 771 1643 827 1681; x_wconf 89' lang='lat'><em>17,</em></span> <span class='ocrx_word' id='word_1_144' title='bbox 855 1644 900 1680; x_wconf 79' lang='lat'><em>24</em></span> <span class='ocrx_word' id='word_1_145' title='bbox 926 1643 1110 1672; x_wconf 86' lang='lat' dir='ltr'>AUGUSTI</span> <span class='ocrx_word' id='word_1_146' title='bbox 1140 1633 1230 1678; x_wconf 84' lang='lat'>1563</span> <span class='ocrx_word' id='word_1_147' title='bbox 1258 1636 1286 1669; x_wconf 72' lang='lat'><strong>⁶.</strong></span> 
     </span>
    </p>
   </div>
   <div class='ocr_carea' id='block_1_5' title="bbox 61 1730 1690 1841">
    <p class='ocr_par' dir='ltr' id='par_1_7' title="bbox 61 1730 1690 1841">
     <span class='ocr_line' id='line_1_19' title="bbox 61 1730 1689 1777; baseline -0.003 -8"><span class='ocrx_word' id='word_1_148' title='bbox 61 1734 120 1769; x_wconf 94' lang='lat' dir='ltr'><em>De</em></span> <span class='ocrx_word' id='word_1_149' title='bbox 137 1734 251 1769; x_wconf 84' lang='lat' dir='ltr'><em>sociis</em></span> <span class='ocrx_word' id='word_1_150' title='bbox 268 1735 312 1768; x_wconf 83' lang='lat' dir='ltr'><em>in</em></span> <span class='ocrx_word' id='word_1_151' title='bbox 334 1732 517 1768; x_wconf 83' lang='lat' dir='ltr'><em>Galliam</em></span> <span class='ocrx_word' id='word_1_152' title='bbox 547 1735 583 1767; x_wconf 90' lang='lat' dir='ltr'><em>et</em></span> <span class='ocrx_word' id='word_1_153' title='bbox 609 1730 876 1767; x_wconf 77' lang='lat' dir='ltr'><em>Germaniam</em></span> <span class='ocrx_word' id='word_1_154' title='bbox 895 1730 1115 1765; x_wconf 78' lang='lat' dir='ltr'><em>mittendis:</em></span> <span class='ocrx_word' id='word_1_155' title='bbox 1135 1731 1367 1777; x_wconf 81' lang='lat' dir='ltr'><em>magistros,</em></span> <span class='ocrx_word' id='word_1_156' title='bbox 1393 1741 1564 1776; x_wconf 79' lang='lat' dir='ltr'><em>quorum</em></span> <span class='ocrx_word' id='word_1_157' title='bbox 1584 1733 1689 1766; x_wconf 81' lang='lat' dir='ltr'><em>cata-</em></span> 
     </span>
     <span class='ocr_line' id='line_1_20' title="bbox 130 1789 1690 1841; baseline -0.002 -13"><span class='ocrx_word' id='word_1_158' title='bbox 130 1795 244 1841; x_wconf 82' lang='lat' dir='ltr'><em>logus</em></span> <span class='ocrx_word' id='word_1_159' title='bbox 262 1793 391 1828; x_wconf 84' lang='lat' dir='ltr'><em>Roma</em></span> <span class='ocrx_word' id='word_1_160' title='bbox 409 1792 670 1827; x_wconf 77' lang='lat' dir='ltr'><em>transmissas</em></span> <span class='ocrx_word' id='word_1_161' title='bbox 679 1790 783 1838; x_wconf 83' lang='lat' dir='ltr'><em>fuit,</em></span> <span class='ocrx_word' id='word_1_162' title='bbox 803 1794 838 1826; x_wconf 90' lang='lat' dir='ltr'><em>et</em></span> <span class='ocrx_word' id='word_1_163' title='bbox 855 1801 1024 1825; x_wconf 77' lang='lat' dir='ltr'><em>numero</em></span> <span class='ocrx_word' id='word_1_164' title='bbox 1051 1792 1087 1825; x_wconf 90' lang='lat' dir='ltr'><em>et</em></span> <span class='ocrx_word' id='word_1_165' title='bbox 1106 1790 1260 1824; x_wconf 74' lang='lat' dir='ltr'><em>dotibus</em></span> <span class='ocrx_word' id='word_1_166' title='bbox 1277 1790 1387 1824; x_wconf 79' lang='lat' dir='ltr'><em>haud</em></span> <span class='ocrx_word' id='word_1_167' title='bbox 1404 1789 1592 1836; x_wconf 80' lang='lat' dir='ltr'><em>sufficere</em></span> <span class='ocrx_word' id='word_1_168' title='bbox 1614 1793 1690 1836; x_wconf 72' lang='lat' dir='ltr'><em>pro</em></span> 
     </span>
    </p>
   </div>
   <div class='ocr_carea' id='block_1_6' title="bbox 52 1848 1697 2536">
    <p class='ocr_par' dir='ltr' id='par_1_8' title="bbox 131 1848 1343 1899">
     <span class='ocr_line' id='line_1_21' title="bbox 131 1848 1343 1899; baseline -0.002 -11"><span class='ocrx_word' id='word_1_169' title='bbox 131 1852 375 1888; x_wconf 77' lang='lat' dir='ltr'><em>Germaniae</em></span> <span class='ocrx_word' id='word_1_170' title='bbox 393 1852 572 1899; x_wconf 79' lang='lat' dir='ltr'><em>collegiis</em></span> <span class='ocrx_word' id='word_1_171' title='bbox 590 1852 666 1886; x_wconf 84' lang='lat' dir='ltr'><em>rite</em></span> <span class='ocrx_word' id='word_1_172' title='bbox 684 1850 969 1886; x_wconf 72' lang='lat' dir='ltr'><em>constituendis</em></span> <span class='ocrx_word' id='word_1_173' title='bbox 983 1850 1148 1895; x_wconf 81' lang='lat' dir='ltr'><em>judicat</em></span> <span class='ocrx_word' id='word_1_174' title='bbox 1167 1848 1343 1885; x_wconf 88' lang='lat' dir='ltr'><em>Natalis.</em></span> 
     </span>
    </p>

    <p class='ocr_par' dir='ltr' id='par_1_9' title="bbox 52 1939 1697 2536">
     <span class='ocr_line' id='line_1_22' title="bbox 147 1939 1691 1998; baseline -0.002 -13"><span class='ocrx_word' id='word_1_175' title='bbox 147 1943 317 1985; x_wconf 82' lang='lat' dir='ltr'><em>Diebus</em></span> <span class='ocrx_word' id='word_1_176' title='bbox 342 1952 396 1995; x_wconf 80' lang='lat'><em>17</em></span> <span class='ocrx_word' id='word_1_177' title='bbox 418 1945 458 1984; x_wconf 88' lang='lat' dir='ltr'><em>et</em></span> <span class='ocrx_word' id='word_1_178' title='bbox 479 1953 536 1994; x_wconf 80' lang='lat'><em>24</em></span> <span class='ocrx_word' id='word_1_179' title='bbox 563 1941 767 1998; x_wconf 78' lang='lat' dir='ltr'><em>Augusti</em></span> <span class='ocrx_word' id='word_1_180' title='bbox 790 1941 964 1982; x_wconf 82' lang='lat' dir='ltr'><em>litteras</em></span> <span class='ocrx_word' id='word_1_181' title='bbox 987 1954 1015 1981; x_wconf 86' lang='lat' dir='ltr'><em>a</em></span> <span class='ocrx_word' id='word_1_182' title='bbox 1039 1940 1200 1981; x_wconf 85' lang='lat' dir='ltr'><em>Natali</em></span> <span class='ocrx_word' id='word_1_183' title='bbox 1229 1939 1288 1980; x_wconf 85' lang='lat' dir='ltr'><em>ad</em></span> <span class='ocrx_word' id='word_1_184' title='bbox 1317 1939 1537 1981; x_wconf 79' lang='lat' dir='ltr'><em>Lainium</em></span> <span class='ocrx_word' id='word_1_185' title='bbox 1562 1940 1691 1982; x_wconf 81' lang='lat' dir='ltr'><em>datas</em></span> 
     </span>
     <span class='ocr_line' id='line_1_23' title="bbox 52 2002 1693 2077; baseline -0.002 -15"><span class='ocrx_word' id='word_1_186' title='bbox 52 2020 206 2077; x_wconf 85' lang='lat' dir='ltr'><em>fuisse</em></span> <span class='ocrx_word' id='word_1_187' title='bbox 228 2020 527 2074; x_wconf 77' lang='lat' dir='ltr'><em>comperimus</em></span> <span class='ocrx_word' id='word_1_188' title='bbox 549 2032 605 2060; x_wconf 69' lang='lat' dir='ltr'><em>ex</em></span> <span class='ocrx_word' id='word_1_189' title='bbox 627 2018 753 2073; x_wconf 78' lang='lat' dir='ltr'><em>epist.</em></span> <span class='ocrx_word' id='word_1_190' title='bbox 788 2029 893 2072; x_wconf 73' lang='lat'><em>309,</em></span> <span class='ocrx_word' id='word_1_191' title='bbox 917 2031 963 2058; x_wconf 81' lang='lat' dir='ltr'><em>n.</em></span> <span class='ocrx_word' id='word_1_192' title='bbox 998 2028 1036 2068; x_wconf 80' lang='lat' dir='ltr'><em>I,</em></span> <span class='ocrx_word' id='word_1_193' title='bbox 1060 2017 1147 2073; x_wconf 25' lang='lat' dir='ltr'><em>ubi-</em></span> <span class='ocrx_word' id='word_1_194' title='bbox 1167 2016 1275 2058; x_wconf 81' lang='lat' dir='ltr'><em>lzaec</em></span> <span class='ocrx_word' id='word_1_195' title='bbox 1299 2002 1538 2059; x_wconf 77' lang='lat' dir='ltr'><em>habentur:</em></span> <span class='ocrx_word' id='word_1_196' title='bbox 1563 2031 1693 2059; x_wconf 80' lang='lat' dir='ltr'><strong>&lt;‹...se</strong></span> 
     </span>
     <span class='ocr_line' id='line_1_24' title="bbox 61 2094 1694 2152; baseline -0.002 -14"><span class='ocrx_word' id='word_1_197' title='bbox 61 2097 229 2138; x_wconf 78' lang='lat' dir='ltr'><em>reciuib</em></span> <span class='ocrx_word' id='word_1_198' title='bbox 251 2097 293 2138; x_wconf 87' lang='lat' dir='ltr'><em>la</em></span> <span class='ocrx_word' id='word_1_199' title='bbox 315 2110 428 2152; x_wconf 74' lang='lat' dir='ltr'><em>suya</em></span> <span class='ocrx_word' id='word_1_200' title='bbox 449 2096 502 2137; x_wconf 87' lang='lat' dir='ltr'><em>de</em></span> <span class='ocrx_word' id='word_1_201' title='bbox 524 2107 594 2148; x_wconf 71' lang='lat'><em>24,</em></span> <span class='ocrx_word' id='word_1_202' title='bbox 613 2110 641 2151; x_wconf 72' lang='lat' dir='ltr'><em>y</em></span> <span class='ocrx_word' id='word_1_203' title='bbox 663 2095 850 2150; x_wconf 70' lang='lat' dir='ltr'><em>(tespites</em></span> <span class='ocrx_word' id='word_1_204' title='bbox 873 2095 916 2135; x_wconf 89' lang='lat' dir='ltr'><em>la</em></span> <span class='ocrx_word' id='word_1_205' title='bbox 934 2094 987 2135; x_wconf 90' lang='lat' dir='ltr'><em>de</em></span> <span class='ocrx_word' id='word_1_206' title='bbox 1007 2105 1031 2135; x_wconf 89' lang='grc' dir='ltr'><em>Ι</em></span> <span class='ocrx_word' id='word_1_207' title='bbox 1036 2104 1060 2147; x_wconf 89' lang='grc'><em>7</em></span> <span class='ocrx_word' id='word_1_208' title='bbox 1083 2094 1136 2135; x_wconf 82' lang='lat' dir='ltr'><em>de</em></span> <span class='ocrx_word' id='word_1_209' title='bbox 1159 2094 1342 2150; x_wconf 79' lang='lat' dir='ltr'><em>Agosto.</em></span> <span class='ocrx_word' id='word_1_210' title='bbox 1357 2111 1373 2131; x_wconf 85' lang='lat'><em>›&gt;</em></span> <span class='ocrx_word' id='word_1_211' title='bbox 1400 2094 1694 2149; x_wconf 78' lang='lat' dir='ltr'><em>Argumenta</em></span> 
     </span>
     <span class='ocr_line' id='line_1_25' title="bbox 60 2171 1694 2228; baseline -0.003 -13"><span class='ocrx_word' id='word_1_212' title='bbox 60 2187 165 2215; x_wconf 83' lang='lat' dir='ltr'><em>vero</em></span> <span class='ocrx_word' id='word_1_213' title='bbox 181 2174 312 2216; x_wconf 88' lang='lat' dir='ltr'><em>binae</em></span> <span class='ocrx_word' id='word_1_214' title='bbox 328 2173 468 2228; x_wconf 75' lang='lat' dir='ltr'><em>hujus</em></span> <span class='ocrx_word' id='word_1_215' title='bbox 490 2173 709 2228; x_wconf 77' lang='lat' dir='ltr'><em>epistolae,</em></span> <span class='ocrx_word' id='word_1_216' title='bbox 725 2172 827 2214; x_wconf 78' lang='lat' dir='ltr'><em>erui</em></span> <span class='ocrx_word' id='word_1_217' title='bbox 842 2174 1069 2226; x_wconf 77' lang='lat' dir='ltr'><em>poterunt,</em></span> <span class='ocrx_word' id='word_1_218' title='bbox 1081 2171 1257 2226; x_wconf 79' lang='lat' dir='ltr'><em>partim</em></span> <span class='ocrx_word' id='word_1_219' title='bbox 1276 2184 1331 2211; x_wconf 76' lang='lat' dir='ltr'><em>ex</em></span> <span class='ocrx_word' id='word_1_220' title='bbox 1341 2171 1577 2226; x_wconf 70' lang='lat' dir='ltr'><em>praefatis</em></span> <span class='ocrx_word' id='word_1_221' title='bbox 1600 2171 1694 2211; x_wconf 91' lang='lat' dir='ltr'><em>Po-</em></span> 
     </span>
     <span class='ocr_line' id='line_1_26' title="bbox 65 2246 1694 2306; baseline -0.002 -14"><span class='ocrx_word' id='word_1_222' title='bbox 65 2250 185 2292; x_wconf 87' lang='lat' dir='ltr'><em>lanci</em></span> <span class='ocrx_word' id='word_1_223' title='bbox 207 2251 381 2302; x_wconf 87' lang='lat' dir='ltr'><em>litteris,</em></span> <span class='ocrx_word' id='word_1_224' title='bbox 399 2251 574 2306; x_wconf 82' lang='lat' dir='ltr'><em>partim</em></span> <span class='ocrx_word' id='word_1_225' title='bbox 597 2264 652 2291; x_wconf 83' lang='lat' dir='ltr'><em>ex</em></span> <span class='ocrx_word' id='word_1_226' title='bbox 674 2250 779 2301; x_wconf 86' lang='lat' dir='ltr'><em>illis,</em></span> <span class='ocrx_word' id='word_1_227' title='bbox 804 2263 917 2304; x_wconf 77' lang='lat' dir='ltr'><em>quas</em></span> <span class='ocrx_word' id='word_1_228' title='bbox 941 2260 967 2290; x_wconf 87' lang='lat'><em>2</em></span> <span class='ocrx_word' id='word_1_229' title='bbox 989 2247 1261 2304; x_wconf 71' lang='lat' dir='ltr'><em>Septembris</em></span> <span class='ocrx_word' id='word_1_230' title='bbox 1286 2249 1400 2301; x_wconf 71' lang='lat'><em>1563</em></span> <span class='ocrx_word' id='word_1_231' title='bbox 1423 2247 1482 2288; x_wconf 78' lang='lat' dir='ltr'><em>ad</em></span> <span class='ocrx_word' id='word_1_232' title='bbox 1504 2248 1561 2289; x_wconf 92' lang='lat' dir='ltr'><strong>P.</strong></span> <span class='ocrx_word' id='word_1_233' title='bbox 1589 2246 1694 2288; x_wconf 81' lang='lat' dir='ltr'><em>Ma-</em></span> 
     </span>
     <span class='ocr_line' id='line_1_27' title="bbox 66 2323 1694 2383; baseline -0.003 -14"><span class='ocrx_word' id='word_1_234' title='bbox 66 2327 270 2369; x_wconf 80' lang='lat' dir='ltr'><em>dridinm</em></span> <span class='ocrx_word' id='word_1_235' title='bbox 294 2329 385 2383; x_wconf 74' lang='lat' dir='ltr'><em>ipse</em></span> <span class='ocrx_word' id='word_1_236' title='bbox 403 2327 631 2369; x_wconf 79' lang='lat' dir='ltr'><em>Polancus</em></span> <span class='ocrx_word' id='word_1_237' title='bbox 653 2326 785 2378; x_wconf 84' lang='lat' dir='ltr'><em>dedit,</em></span> <span class='ocrx_word' id='word_1_238' title='bbox 804 2326 879 2367; x_wconf 80' lang='lat' dir='ltr'><em>nbi</em></span> <span class='ocrx_word' id='word_1_239' title='bbox 892 2326 1057 2383; x_wconf 74' lang='lat' dir='ltr'><em>fusius</em></span> <span class='ocrx_word' id='word_1_240' title='bbox 1067 2324 1362 2379; x_wconf 66' lang='lat' dir='ltr'><em>persequitur</em></span> <span class='ocrx_word' id='word_1_241' title='bbox 1380 2338 1444 2375; x_wconf 82' lang='lat' dir='ltr'><em>ea,</em></span> <span class='ocrx_word' id='word_1_242' title='bbox 1463 2337 1576 2378; x_wconf 76' lang='lat' dir='ltr'><em>quae</em></span> <span class='ocrx_word' id='word_1_243' title='bbox 1593 2323 1694 2365; x_wconf 90' lang='lat' dir='ltr'><em>bre-</em></span> 
     </span>
     <span class='ocr_line' id='line_1_28' title="bbox 66 2400 1694 2459; baseline -0.002 -14"><span class='ocrx_word' id='word_1_244' title='bbox 66 2404 168 2446; x_wconf 88' lang='lat' dir='ltr'><em>vius</em></span> <span class='ocrx_word' id='word_1_245' title='bbox 184 2405 235 2446; x_wconf 87' lang='lat' dir='ltr'><em>in</em></span> <span class='ocrx_word' id='word_1_246' title='bbox 252 2405 434 2459; x_wconf 77' lang='lat' dir='ltr'><em>epistola</em></span> <span class='ocrx_word' id='word_1_247' title='bbox 459 2415 543 2459; x_wconf 74' lang='lat'><em>309</em></span> <span class='ocrx_word' id='word_1_248' title='bbox 565 2403 624 2445; x_wconf 85' lang='lat' dir='ltr'><em>ad</em></span> <span class='ocrx_word' id='word_1_249' title='bbox 647 2403 937 2455; x_wconf 52' lang='lat' dir='ltr'><em>Natalemfli.</em></span> <span class='ocrx_word' id='word_1_250' title='bbox 958 2404 1000 2453; x_wconf 84' lang='lat'><em>6,</em></span> <span class='ocrx_word' id='word_1_251' title='bbox 1018 2401 1219 2457; x_wconf 81' lang='lat' dir='ltr'><em>attingit.</em></span> <span class='ocrx_word' id='word_1_252' title='bbox 1248 2401 1326 2442; x_wconf 76' lang='lat' dir='ltr'><em>Ait</em></span> <span class='ocrx_word' id='word_1_253' title='bbox 1344 2403 1509 2441; x_wconf 77' lang='lat' dir='ltr'><em>autem:</em></span> <span class='ocrx_word' id='word_1_254' title='bbox 1535 2400 1694 2442; x_wconf 74' lang='lat' dir='ltr'><em>«Buen</em></span> 
     </span>
     <span class='ocr_line' id='line_1_29' title="bbox 68 2477 1697 2536; baseline -0.002 -15"><span class='ocrx_word' id='word_1_255' title='bbox 68 2479 220 2522; x_wconf 69' lang='lat' dir='ltr'><em>animo</em></span> <span class='ocrx_word' id='word_1_256' title='bbox 248 2482 362 2523; x_wconf 84' lang='lat' dir='ltr'><em>tiene</em></span> <span class='ocrx_word' id='word_1_257' title='bbox 394 2481 441 2523; x_wconf 89' lang='lat' dir='ltr'><strong>V.</strong></span> <span class='ocrx_word' id='word_1_258' title='bbox 468 2482 527 2523; x_wconf 82' lang='lat' dir='ltr'><strong>R.</strong></span> <span class='ocrx_word' id='word_1_259' title='bbox 553 2480 605 2522; x_wconf 86' lang='lat' dir='ltr'><em>de</em></span> <span class='ocrx_word' id='word_1_260' title='bbox 627 2480 799 2522; x_wconf 86' lang='lat' dir='ltr'><em>embiar</em></span> <span class='ocrx_word' id='word_1_261' title='bbox 816 2482 953 2536; x_wconf 81' lang='lat' dir='ltr'><em>gente</em></span> <span class='ocrx_word' id='word_1_262' title='bbox 970 2484 1090 2534; x_wconf 80' lang='lat' dir='ltr'><em>para</em></span> <span class='ocrx_word' id='word_1_263' title='bbox 1113 2478 1151 2519; x_wconf 90' lang='lat' dir='ltr'><em>el</em></span> <span class='ocrx_word' id='word_1_264' title='bbox 1173 2477 1356 2533; x_wconf 76' lang='lat' dir='ltr'><em>collegio</em></span> <span class='ocrx_word' id='word_1_265' title='bbox 1378 2477 1430 2518; x_wconf 86' lang='lat' dir='ltr'><em>de</em></span> <span class='ocrx_word' id='word_1_266' title='bbox 1454 2477 1591 2518; x_wconf 74' lang='lat' dir='ltr'><em>than</em></span> <span class='ocrx_word' id='word_1_267' title='bbox 1619 2477 1647 2529; x_wconf 81' lang='lat'><em>⁷,</em></span> <span class='ocrx_word' id='word_1_268' title='bbox 1667 2491 1697 2532; x_wconf 78' lang='lat' dir='ltr'><em>y</em></span> 
     </span>
    </p>
   </div>
   <div class='ocr_carea' id='block_1_7' title="bbox 71 2560 349 2566">
    <p class='ocr_par' dir='ltr' id='par_1_10' title="bbox 71 2560 349 2566">
     <span class='ocr_line' id='line_1_30' title="bbox 71 2560 349 2566; baseline 0 0"><span class='ocrx_word' id='word_1_269' title='bbox 71 2560 349 2566; x_wconf 95' lang='lat' dir='ltr'><em> </em></span> 
     </span>
    </p>
   </div>
   <div class='ocr_carea' id='block_1_8' title="bbox 136 2598 1371 3000">
    <p class='ocr_par' dir='ltr' id='par_1_11' title="bbox 141 2598 653 2645">
     <span class='ocr_line' id='line_1_31' title="bbox 141 2598 653 2645; baseline -0.002 -12"><span class='ocrx_word' id='word_1_270' title='bbox 141 2600 152 2620; x_wconf 79' lang='lat'>¹</span> <span class='ocrx_word' id='word_1_271' title='bbox 202 2598 302 2633; x_wconf 82' lang='lat' dir='ltr'><em>Vide</em></span> <span class='ocrx_word' id='word_1_272' title='bbox 321 2599 435 2645; x_wconf 85' lang='lat' dir='ltr'><em>epist.</em></span> <span class='ocrx_word' id='word_1_273' title='bbox 455 2598 539 2642; x_wconf 84' lang='lat'>301,</span> <span class='ocrx_word' id='word_1_274' title='bbox 559 2609 597 2632; x_wconf 89' lang='lat' dir='ltr'><em>n.</em></span> <span class='ocrx_word' id='word_1_275' title='bbox 621 2606 653 2632; x_wconf 90' lang='grc' dir='ltr'><em>Ι.</em></span> 
     </span>
    </p>

    <p class='ocr_par' dir='ltr' id='par_1_12' title="bbox 136 2658 421 2701">
     <span class='ocr_line' id='line_1_32' title="bbox 136 2658 421 2701; baseline 0.007 -10"><span class='ocrx_word' id='word_1_276' title='bbox 136 2659 150 2678; x_wconf 74' lang='lat'>2</span> <span class='ocrx_word' id='word_1_277' title='bbox 200 2658 287 2701; x_wconf 88' lang='lat' dir='ltr'><strong>Ms.‚</strong></span> <span class='ocrx_word' id='word_1_278' title='bbox 305 2659 421 2693; x_wconf 80' lang='lat' dir='ltr'><em>hara.</em></span> 
     </span>
    </p>

    <p class='ocr_par' dir='ltr' id='par_1_13' title="bbox 136 2716 840 2764">
     <span class='ocr_line' id='line_1_33' title="bbox 136 2716 840 2764; baseline -0.001 -13"><span class='ocrx_word' id='word_1_279' title='bbox 136 2717 150 2737; x_wconf 73' lang='lat'><strong>³</strong></span> <span class='ocrx_word' id='word_1_280' title='bbox 199 2717 345 2752; x_wconf 88' lang='lat' dir='ltr'><em>Iterum</em></span> <span class='ocrx_word' id='word_1_281' title='bbox 363 2717 403 2752; x_wconf 87' lang='lat' dir='ltr'><em>in</em></span> <span class='ocrx_word' id='word_1_282' title='bbox 422 2717 608 2764; x_wconf 82' lang='lat' dir='ltr'><em>margine:</em></span> <span class='ocrx_word' id='word_1_283' title='bbox 631 2718 679 2752; x_wconf 87' lang='lat' dir='ltr'><strong>P.</strong></span> <span class='ocrx_word' id='word_1_284' title='bbox 700 2716 840 2752; x_wconf 87' lang='lat' dir='ltr'><em>Natal.</em></span> 
     </span>
    </p>

    <p class='ocr_par' dir='ltr' id='par_1_14' title="bbox 137 2775 492 2818">
     <span class='ocr_line' id='line_1_34' title="bbox 137 2775 492 2818; baseline 0.003 -8"><span class='ocrx_word' id='word_1_285' title='bbox 137 2775 152 2794; x_wconf 77' lang='lat'><strong>⁴</strong></span> <span class='ocrx_word' id='word_1_286' title='bbox 200 2777 288 2818; x_wconf 87' lang='lat' dir='ltr'><em>Ms.,</em></span> <span class='ocrx_word' id='word_1_287' title='bbox 309 2778 352 2812; x_wconf 89' lang='lat' dir='ltr'><em>in</em></span> <span class='ocrx_word' id='word_1_288' title='bbox 371 2778 492 2812; x_wconf 88' lang='lat' dir='ltr'><em>iotra.</em></span> 
     </span>
    </p>

    <p class='ocr_par' dir='ltr' id='par_1_15' title="bbox 141 2835 711 2882">
     <span class='ocr_line' id='line_1_35' title="bbox 141 2835 711 2882; baseline 0.002 -13"><span class='ocrx_word' id='word_1_289' title='bbox 141 2835 156 2855; x_wconf 80' lang='lat'>⁵</span> <span class='ocrx_word' id='word_1_290' title='bbox 205 2835 294 2878; x_wconf 88' lang='lat' dir='ltr'><strong>Ms.,</strong></span> <span class='ocrx_word' id='word_1_291' title='bbox 313 2836 391 2871; x_wconf 87' lang='lat' dir='ltr'><em>che.</em></span> <span class='ocrx_word' id='word_1_292' title='bbox 704 2873 711 2882; x_wconf 48' lang='grc' dir='ltr'><strong><em>Ι</em></strong></span> 
     </span>
    </p>

    <p class='ocr_par' dir='ltr' id='par_1_16' title="bbox 142 2890 1371 3000">
     <span class='ocr_line' id='line_1_36' title="bbox 142 2890 1371 2941; baseline -0.002 -13"><span class='ocrx_word' id='word_1_293' title='bbox 142 2891 157 2912; x_wconf 77' lang='lat'>⁶</span> <span class='ocrx_word' id='word_1_294' title='bbox 206 2895 264 2928; x_wconf 87' lang='lat' dir='ltr'><em>Ex</em></span> <span class='ocrx_word' id='word_1_295' title='bbox 282 2895 397 2941; x_wconf 83' lang='lat' dir='ltr'><em>epist.</em></span> <span class='ocrx_word' id='word_1_296' title='bbox 417 2894 500 2941; x_wconf 91' lang='lat'>309,</span> <span class='ocrx_word' id='word_1_297' title='bbox 519 2907 557 2930; x_wconf 91' lang='lat' dir='ltr'><em>n.</em></span> <span class='ocrx_word' id='word_1_298' title='bbox 581 2903 612 2939; x_wconf 76' lang='lat'><em>13</em></span> <span class='ocrx_word' id='word_1_299' title='bbox 633 2899 672 2930; x_wconf 85' lang='lat' dir='ltr'><em>et</em></span> <span class='ocrx_word' id='word_1_300' title='bbox 690 2906 738 2930; x_wconf 82' lang='lat' dir='ltr'><em>ex</em></span> <span class='ocrx_word' id='word_1_301' title='bbox 761 2893 855 2929; x_wconf 87' lang='lat' dir='ltr'><em>Cod.</em></span> <span class='ocrx_word' id='word_1_302' title='bbox 878 2893 998 2934; x_wconf 85' lang='lat' dir='ltr'><em>PLB,</em></span> <span class='ocrx_word' id='word_1_303' title='bbox 1019 2893 1103 2927; x_wconf 84' lang='lat' dir='ltr'><em>loco</em></span> <span class='ocrx_word' id='word_1_304' title='bbox 1122 2891 1220 2926; x_wconf 84' lang='lat' dir='ltr'><em>infra</em></span> <span class='ocrx_word' id='word_1_305' title='bbox 1237 2890 1371 2926; x_wconf 83' lang='lat' dir='ltr'><em>citato.</em></span> 
     </span>
     <span class='ocr_line' id='line_1_37' title="bbox 148 2953 661 3000; baseline 0.008 -12"><span class='ocrx_word' id='word_1_306' title='bbox 148 2955 161 2973; x_wconf 78' lang='lat'>⁷</span> <span class='ocrx_word' id='word_1_307' title='bbox 211 2953 311 2989; x_wconf 87' lang='lat' dir='ltr'><em>Vide</em></span> <span class='ocrx_word' id='word_1_308' title='bbox 329 2953 443 3000; x_wconf 88' lang='lat' dir='ltr'><em>epist.</em></span> <span class='ocrx_word' id='word_1_309' title='bbox 464 2953 545 2995; x_wconf 82' lang='lat'>302,</span> <span class='ocrx_word' id='word_1_310' title='bbox 567 2966 605 2989; x_wconf 89' lang='lat' dir='ltr'><em>n.</em></span> <span class='ocrx_word' id='word_1_311' title='bbox 625 2964 661 2998; x_wconf 82' lang='lat'><em>4.</em></span> 
     </span>
    </p>
   </div>
  </div>
 </body>
</html>
