1958 3210
734 175 952 212 APPENDD(
1585 174 1652 226 573

34 296 75 339 9.
96 275 245 334 Elapsi
266 282 372 320 sunt
396 287 444 331 15
463 276 568 319 anni
586 291 640 320 ex
664 292 751 333 quo
770 292 840 320 me
859 279 1074 323 Societati
1092 282 1209 335 dedi,
1230 282 1308 324 sed
1326 282 1565 326 Societatis
1581 282 1652 324 in-

37 339 241 390 stitutum
264 351 355 379 non
377 338 725 392 cognoscebam.
753 339 979 393 Receptus
1002 355 1100 382 sum
1125 356 1149 383 a
1168 344 1219 384 Ρ.
1242 343 1490 393 Leonardo,
1516 342 1652 384 Colo-

39 398 191 442 niae...
224 409 290 439 11.
317 395 480 439 Laicus
504 396 584 449 fui,
609 410 711 438 cum
735 397 1003 441 Societatem
1034 399 1309 456 ingrederer,
1334 402 1456 443 nulla
1484 402 1654 444 habens

39 456 269 501 beneficia.
303 466 368 509 15.
394 455 477 498 Fui
499 454 545 497 in
568 455 758 510 collegio
776 456 1024 509 viennensi,
1050 474 1249 512 romano,
1274 459 1524 511 viennensi,
1552 475 1654 515 pra—

41 515 183 574 gensi,
209 513 532 567 monachiensi,
553 513 908 570 ingolstadiensi,
930 517 1243 573 aenipontano.
1273 520 1336 561 16.
1362 519 1655 561 Probationes

41 589 193 620 omnes
215 573 453 619 Societatis
483 573 567 617 feci
597 581 753 617 exacte
782 582 825 617 et
856 576 1049 631 saepius,
1076 585 1262 633 excepto
1284 577 1507 633 hospitali,
1533 578 1655 632 quod

42 643 189 678 tamen
211 633 411 677 crebrius
434 632 629 684 visitaui,
656 641 700 676 et
722 633 999 677 infirmorum
1023 637 1342 688 confessiones,
1369 644 1412 680 et
1436 637 1511 691 qui
1539 636 1656 680 deti—

40 701 202 738 nentur
223 693 268 735 in
287 707 481 744 carcere,
507 692 675 734 audiui.
704 693 926 736 Exercitia
955 694 1199 750 spiritualia
1229 695 1406 751 saepius
1434 695 1532 738 feci.
1568 698 1657 738 Pe-

39 753 292 810 regrinatus
310 767 410 795 sum
428 751 472 793 in
491 753 525 794 F
529 751 744 794 landriam
763 767 920 807 Vsque,
941 755 1109 809 absque
1128 755 1307 797 viatico.
1329 755 1477 797 Docui
1494 769 1657 809 pueros

40 811 244 857 triennio.
285 811 592 855 Concionatus
629 826 727 853 surn
766 819 811 853 et
847 814 1153 857 confessiones
1186 814 1337 856 audiui
1370 813 1652 856 decennium.

40 875 275 917 Promotus
297 886 397 914 sum
421 870 639 923 Viennae,
666 878 709 913 et
734 871 878 913 factus
901 886 999 914 sum
1023 873 1183 915 artium
1203 873 1417 929 magister
1432 882 1536 915 ante
1555 881 1656 915 octo

40 946 193 976 annos.
220 931 366 987 Cupio
387 945 444 973 ex
472 929 621 972 animo
650 945 938 985 perseuerare
966 931 1011 972 in
1040 932 1278 976 Societate.
1307 934 1420 974 Tota
1440 931 1532 974 vita
1556 947 1655 975 mea

40 1006 217 1048 operam
245 990 348 1034 dedi
375 989 531 1041 literis,
564 989 667 1032 licet
696 1004 852 1045 parum
882 991 953 1033 vel
982 991 1091 1033 nihil
1121 991 1401 1046 profecerim.
1440 993 1557 1033 Puto
1586 1005 1657 1033 rne

42 1052 187 1094 adhuc
225 1051 406 1092 studere
442 1063 572 1105 posse
595 1048 641 1091 in
670 1048 910 1104 theologia.
942 1051 1081 1093 Valeo
1110 1050 1322 1093 memoria
1351 1050 1655 1105 extemporali.

22 1165 24 1167 .
44 1113 208 1155 Parum
230 1109 277 1151 in
298 1108 459 1163 studijs
482 1108 669 1164 profeci,
696 1108 800 1162 quia
822 1109 967 1163 magis
989 1110 1167 1153 deditus
1190 1109 1253 1151 fui
1283 1110 1416 1153 rebus
1447 1109 1546 1164 pijs.
1572 1110 1659 1151 Fa-

44 1177 142 1213 ctus
170 1169 333 1212 artium
363 1167 599 1224 magister3
624 1167 711 1210 iam
742 1167 866 1209 nihili
896 1168 1025 1220 facio,
1051 1169 1146 1211 siue
1175 1170 1289 1211 vltra
1318 1169 1536 1219 studeam,
1563 1168 1659 1211 siue

43 1244 146 1272 non.
174 1231 248 1272 Me
269 1228 450 1271 Christo
473 1228 742 1270 commendo
764 1234 809 1269 et
826 1227 1055 1271 Societati.
1077 1229 1399 1272 Amen...——P.
1422 1227 1656 1270 Martinus.

43 1289 134 1347 [IV‚
167 1287 262 1346 151]
688 1347 694 1353 ν

134 1361 168 1391 1.
234 1347 470 1390 ,Martinus
493 1347 766 1388 Floralium.
795 1358 834 1388 2.
862 1347 1007 1388 Natus
1029 1361 1127 1389 sum
1151 1361 1294 1389 annos
1314 1356 1382 1400 25.
1408 1359 1447 1400 3.
1469 1345 1662 1389 N'atione

9 1460 12 1461 ⁷
42 1408 294 1461 bollandus,
320 1406 462 1462 patria
484 1405 1021 1449 amstelredammensis...
1050 1417 1089 1460 5.
1117 1407 1233 1449 Sunt
1256 1405 1360 1448 anni
1383 1413 1590 1459 quatuor,
1616 1405 1661 1446 in

40 1467 230 1523 collegio
253 1465 514 1518 coloniensi,
536 1465 579 1507 in
597 1464 827 1520 provincia
850 1464 1012 1518 Rheni,
1039 1473 1083 1508 et
1108 1474 1213 1507 tunc
1238 1465 1301 1506 fui
1324 1464 1657 1508 examinatus...

45 1539 109 1580 14.
135 1526 220 1570 Dei
243 1525 388 1582 gratia
410 1540 510 1567 sum
533 1525 757 1568 sacerdos.
791 1535 853 1578 15.
879 1526 927 1566 In
956 1525 1079 1567 nullo
1109 1524 1193 1566 nisi
1225 1523 1267 1566 in
1299 1526 1383 1566 hoc
1413 1522 1660 1565 coloniensi

38 1586 282 1642 collegio...
315 1597 380 1639 17.
407 1584 718 1628 Concionatus
740 1599 839 1627 sum
859 1584 950 1627 fere
967 1599 1046 1639 per
1063 1598 1248 1636 annum,
1270 1591 1314 1625 et
1332 1598 1409 1638 per
1426 1582 1659 1624 dimidium

40 1661 205 1689 annum
229 1644 379 1688 audivi
401 1643 707 1688 confessiones
729 1657 1024 1699 puerorum...
1054 1645 1294 1685 Promotus
1318 1657 1417 1684 sum
1450 1642 1495 1683 in
1518 1642 1661 1684 facul-

43 1713 132 1749 tate
155 1704 317 1748 artium
341 1703 572 1747 Coloniae.
599 1704 723 1746 Ante
744 1702 999 1759 ingressum
1029 1701 1266 1746 Societatis
1296 1701 1479 1756 Lovanij
1512 1699 1664 1742 studui

41 1764 352 1822 philosophiae
374 1778 453 1819 per
475 1762 814 1817 sesquiannum,
845 1761 1047 1804 Lutetiae
1071 1761 1160 1816 juri
1185 1760 1401 1803 canonico
1424 1768 1468 1802 et
1491 1760 1664 1803 theolo-

43 1824 142 1881 giae
165 1839 243 1880 per
264 1823 460 1867 medium
484 1837 668 1874 annum,
694 1829 739 1864 et
761 1821 924 1865 deinde
946 1821 1160 1864 Coloniae
1178 1835 1255 1876 per
1278 1819 1473 1862 medium
1497 1833 1663 1861 annum

43 1883 209 1927 eisdem
243 1882 405 1938 studijs
433 1881 535 1925 dedi
564 1896 761 1937 operam.
796 1882 851 1923 Et
880 1888 974 1922 tum
1004 1880 1106 1922 dedi
1137 1895 1208 1923 me
1238 1879 1468 1930 Societati,
1502 1878 1547 1919 in
1577 1892 1664 1932 qua

41 1943 208 1986 absolvi
231 1957 413 1985 cursum
432 1940 805 1997 philosophicum,
833 1955 966 1995 quem
992 1939 1174 1994 Lovanij
1200 1939 1497 1993 incoeperam,
1520 1937 1663 1992 spatio

41 2003 175 2045 unius
199 2002 305 2045 anni
327 2009 371 2044 et
394 2000 544 2055 medij.
572 1999 722 2043 Docui
746 2007 919 2042 tantum
942 1999 986 2040 in
1011 1999 1237 2043 Societate
1260 1997 1597 2053 grammaticam
1620 2004 1665 2037 et

41 2062 265 2119 syntaxim
290 2075 369 2117 pro
392 2060 543 2116 pueris
567 2060 658 2103 fere
680 2074 760 2115 per
782 2060 895 2101 duos
918 2073 1074 2101 annos.
1102 2058 1195 2114 [IV‚
1228 2057 1322 2114 136]

42 2174 44 2176 .
132 2135 168 2166 1.
233 2121 586 2164 Maximilianus
605 2134 632 2160 a
653 2119 847 2175 Capella.
876 2130 916 2160 2.
938 2117 1252 2173 Quadraginta
1270 2124 1313 2159 et
1332 2129 1484 2156 vnum.
1509 2127 1547 2167 3.
1570 2115 1663 2157 Na—

41 2187 112 2224 tus
139 2180 298 2224 insulis
325 2181 434 2222 vrbe
463 2181 498 2222 F
502 2178 700 2221 landriae
733 2177 1001 2233 gallicantis,
1033 2175 1225 2219 diocesis
1255 2173 1586 2217 tornacensis...
1619 2184 1660 2225 7.

43 2242 300 2295 Antequam
323 2239 595 2284 Societatem
617 2238 948 2293 ingrederetur,
973 2235 1190 2278 scholaris
1213 2242 1306 2276 erat
1329 2232 1580 2275 academiae
1597 2232 1665 2273 lo-

44 2299 284 2349 uaniensis,
309 2299 472 2342 artium
494 2297 727 2353 magister,
752 2296 861 2339 iuris
883 2295 1028 2338 ciuilis
1045 2302 1089 2337 et
1106 2292 1308 2336 canonici
1327 2292 1570 2342 studiosus,
1592 2290 1663 2332 cui

0 2399 1 2413 ,
43 2373 221 2415 operam
244 2358 366 2402 dedit
389 2357 764 2412 sesquiannum...
797 2368 862 2398 12.
890 2355 1013 2398 Anni
1035 2361 1141 2396 sunt
1170 2366 1219 2410 19
1243 2351 1450 2408 (demptis
1473 2357 1664 2404 quatuor

45 2419 285 2473 mensibus)
323 2433 378 2461 ex
405 2417 569 2472 quibus
590 2416 636 2458 in
674 2415 946 2460 Societatem
984 2420 1190 2467 receptus
1219 2418 1286 2455 est
1314 2426 1339 2452 a
1370 2412 1501 2452 Patre
1532 2411 1666 2451 Petro

45 2479 188 2521 Fabro
211 2478 436 2528 Sabaudo,
476 2476 576 2532 piae
612 2474 871 2525 memoriae,
912 2472 1116 2527 Louanij,
1158 2471 1280 2514 nullo
1304 2483 1484 2525 prorsus
1512 2466 1667 2522 preuio

44 2537 300 2580 examine...
328 2549 394 2590 14.
415 2536 636 2580 Sacerdos
653 2542 736 2577 est.
765 2544 828 2587 15.
854 2531 1088 2575 Habitauit
1106 2531 1150 2572 in
1171 2527 1447 2583 Portugalia,
1463 2527 1666 2581 Conym-

44 2596 191 2640 bricae
212 2603 257 2640 et
279 2595 571 2652 Lyssiponae3
598 2594 642 2636 in
664 2594 876 2644 Castella,
903 2590 1159 2640 Valesoleti,
1187 2586 1430 2642 Compluti,
1462 2586 1666 2629 Sahnan‘

45 2654 172 2710 ticae,
198 2657 488 2710 Methymnae
511 2653 686 2708 Campi3
712 2653 758 2694 in
780 2650 1004 2702 Flandria,
1029 2656 1265 2705 postquam
1283 2661 1338 2689 ex
1356 2644 1573 2700 Hispania
1595 2658 1666 2686 re-

43 2714 137 2769 dijt,
167 2714 388 2758 habitauit
418 2713 605 2768 Louanij
637 2719 681 2756 et
712 2710 920 2754 Tornaci:
955 2723 1075 2751 nunc
1104 2707 1200 2763 agit
1223 2704 1436 2748 Treuiris.
1480 2703 1544 2745 16.
1579 2704 1666 2745 Per

43 2774 236 2817 medium
265 2788 450 2826 annum,
482 2773 641 2829 partim
671 2770 910 2813 comitatus
938 2777 1005 2812 est
1044 2769 1222 2809 Patrem
1252 2765 1462 2814 Fabrum,
1487 2762 1666 2804 diuersa

44 2832 203 2876 itinera
223 2833 269 2875 in
292 2832 512 2888 Hispania
535 2831 791 2882 facientem,
818 2827 976 2884 partim
1000 2825 1119 2868 domi
1142 2824 1380 2874 seruiebat,
1402 2837 1453 2864 ea
1477 2821 1663 2873 faciens,

46 2907 160 2947 quae
182 2908 206 2936 a
231 2895 367 2936 Patre
390 2893 536 2934 Fabro
559 2898 603 2934 et
626 2891 682 2932 ab
705 2889 795 2940 illo,
822 2887 897 2942 qui
922 2894 1029 2928 tunc
1047 2900 1147 2927 cum
1168 2886 1301 2926 Patre
1324 2888 1433 2931 erat,
1455 2880 1666 2935 iniunge-

47 2951 223 2996 bantur.
249 2951 424 2995 Deinde
447 2948 773 3006 Conymbricae
796 2962 874 3004 per
896 2946 1067 3001 aliquot
1089 2943 1182 2986 dies
1206 2942 1269 2985 fui
1298 2941 1460 2983 ianitor
1482 2947 1526 2981 et
1550 2939 1664 2981 refe-

188 3053 304 3083 prsr.
327 3052 368 3081 Ρ.
391 3052 524 3085 NADAL,
545 3051 632 3078 ΤοΜ.
658 3049 698 3077 ΙΙ.
1492 3039 1527 3067 38
