1958 3210
637 163 659 198 9
685 153 931 188 NovEMBms
961 152 1050 197 1563
1591 166 1634 199 45
1645 168 1656 190 ι

788 324 912 363 332

561 408 590 441 Ρ
600 433 608 442 .
641 407 956 443 LAMBERTUS
984 407 1124 443 AUER

291 485 534 527 PATRI
582 485 1079 527 HIERONYMO
1127 486 1402 529 NADAL

472 587 732 622 MOGUNTIMS,
759 589 781 621 c)
807 587 1045 613 NOVEMBRIS
1076 578 1164 623 1563
1195 582 1220 613 ¹.

30 670 68 697 Ι.
96 660 262 696 Gratias
280 662 368 708 agit
382 665 458 707 pro
473 673 572 696 cura
586 674 706 706 qaam
724 661 835 696 habet
849 662 962 695 illius
975 662 1239 708 collegii.-—2.
1264 662 1362 697 Lites
1376 663 1525 709 infesta
1540 664 1658 698 illum

98 721 202 767 cogit
220 721 373 766 aliquot
390 721 637 755 scholasticos
655 733 673 755 e
692 721 858 767 collegio
876 722 1148 765 educere.—3.
1173 721 1346 755 Litterae
1365 722 1538 757 indicae:
1566 723 1660 757 ado-

100 781 243 814 lescens
259 781 449 827 egregins
467 781 510 814 in
530 780 763 815 Societatem
785 780 1096 824 admisszcs.—4.
1123 781 1257 815 Plura
1281 782 1520 827 moguntino
1546 782 1660 816 colle-

94 840 165 885 gio
179 839 227 873 ab
239 840 531 885 archiepiscopo
547 839 693 874 collata
707 839 893 886 beneficia
908 842 1142 874 recenset.—
1148 849 1181 881 5.
1200 839 1291 873 Duo
1297 838 1468 884 juvenes
1488 841 1658 875 Romam

97 898 223 933 missi:
239 898 355 945 grati
371 899 502 932 animi
520 910 619 945 erga
640 899 691 933 P.
716 897 904 933 Natalem
923 910 1036 933 sensa
1054 899 1264 944 exprimit.

841 975 862 1008 †

796 1013 894 1068 jhs.

122 1114 158 1144 Ι.
226 1103 320 1143 Pax
344 1099 511 1143 Christi
533 1108 618 1142 etc.
647 1101 786 1144 Molto
817 1101 930 1143 Rdo.
960 1100 1120 1144 Padre.
1158 1100 1438 1143 Arriuorono
1461 1100 1538 1155 qui
1561 1100 1658 1143 sani

28 1177 58 1219 li
82 1177 216 1220 Padri
244 1184 289 1219 et
320 1176 496 1229 fratelli,
527 1177 557 1218 li
586 1177 706 1232 quali
736 1177 775 1219 ci
805 1177 968 1220 mando
997 1178 1053 1220 V.
1090 1179 1140 1219 P.
1175 1176 1486 1233 Ringratiamo
1517 1177 1657 1219 molto

26 1255 140 1298 della
158 1268 266 1296 cura
286 1260 472 1309 paterna
494 1255 578 1297 che
600 1261 727 1309 porta
750 1269 924 1309 sempre
942 1269 1020 1309 per
1038 1254 1126 1296 noi.
1149 1254 1323 1297 Stiamo
1341 1255 1485 1298 anche
1502 1253 1654 1296 benis—

26 1331 136 1374 sime
165 1331 365 1375 contenti
394 1345 478 1373 con
510 1331 596 1374 M.⁰
625 1331 857 1374 Lodouico
884 1346 964 1386 per
996 1331 1025 1372 il
1059 1346 1191 1373 corso
1230 1330 1555 1387 philosophico;
1592 1338 1654 1384 et,

24 1410 200 1452 benche
223 1409 344 1451 fusse
367 1416 483 1450 stato
501 1423 605 1450 caro
623 1410 767 1451 anche
786 1409 874 1451 M.⁰
892 1407 1078 1451 Nicolao
1095 1409 1127 1459 ⁵²,
1148 1423 1232 1464 pur
1250 1407 1524 1451 nondimeno
1541 1409 1654 1450 hab—

23 1485 172 1528 biamo
195 1493 326 1539 grato
350 1487 434 1529 che
463 1485 528 1528 sia
556 1485 602 1527 in
631 1485 830 1541 Dilinga,
857 1486 974 1528 doue
1004 1485 1145 1528 faccia
1173 1485 1339 1541 meglio
1362 1500 1387 1527 a
1407 1485 1651 1540 proposito.

24 1564 127 1606 Non
152 1564 394 1606 haueremo
418 1570 746 1614 mancamento,
773 1563 964 1606 essendo
988 1577 1066 1618 per
1089 1562 1234 1618 gratia
1256 1562 1299 1604 di
1323 1562 1409 1604 Dio
1433 1562 1548 1603 assai
1572 1564 1657 1604 che

23 1654 141 1695 pono
165 1639 382 1681 adiutarci
406 1654 494 1682 vno
517 1639 563 1681 in
586 1648 762 1695 questo,
788 1641 816 1680 l'
843 1640 955 1682 altro
977 1640 1094 1683 nella
1117 1640 1228 1681 altra
1258 1640 1439 1681 faculta.
1472 1640 1534 1682 La
1559 1653 1654 1681 ma—

23 1716 124 1772 gior
145 1731 253 1759 cura
275 1717 335 1758 mi
358 1717 405 1758 fu
429 1732 507 1772 per
529 1716 558 1758 il
581 1716 861 1772 philosopho,
886 1718 928 1759 lo
953 1717 1084 1771 quale
1107 1718 1161 1759 V.
1183 1718 1234 1758 P.
1261 1716 1301 1758 ci
1325 1717 1447 1760 dette
1471 1715 1560 1771 gia.

113 1806 153 1835 2.
220 1794 284 1836 La
312 1800 455 1848 peste,
480 1794 655 1837 benche
684 1808 773 1835 non
803 1793 868 1835 sia
897 1794 1084 1849 grande,
1112 1793 1149 1835 si
1177 1795 1235 1835 ha
1264 1794 1375 1835 tolto
1404 1792 1544 1844 molti,
1571 1794 1654 1835 ha-

23 1871 172 1913 uendo
194 1870 224 1911 li
246 1870 420 1925 parenti
443 1885 599 1926 paura,
624 1871 798 1913 benche
821 1871 863 1912 la
886 1869 1109 1912 vindemia
1132 1871 1145 1889 ⁵
1171 1872 1366 1912 anchora
1383 1869 1500 1913 leuai
1519 1871 1653 1912 scho—

21 1947 100 1990 lari
125 1959 195 1990 21:
224 1954 497 1990 tornaranno
515 1962 647 2003 spero
669 1956 837 2003 presto.

109 2026 166 2066 D.
208 2024 432 2068 Strobelio
477 2025 491 2044 ²
530 2039 614 2067 con
660 2015 880 2069 Siluestro
921 2026 934 2045 ⁵
964 2024 1267 2067 mandassimo
1310 2039 1389 2079 per
1433 2025 1649 2075 Treuere,

21 2101 110 2144 M.⁰
134 2102 360 2144 Rumoldo
383 2103 397 2123 ⁶
422 2117 447 2144 a
471 2101 675 2154 Colonia,
697 2109 742 2145 et
764 2101 906 2158 hoggi
927 2104 977 2144 P.
1001 2101 1216 2145 Henrico.
1240 2103 1315 2144 Ho
1335 2102 1546 2143 mandato
1564 2115 1654 2143 vna

21 2177 149 2233 copia
172 2178 288 2221 della
310 2179 470 2222 lettera
492 2178 537 2221 di
560 2180 614 2222 V.
640 2180 691 2221 P.
713 2193 793 2234 per
812 2186 929 2222 tutte
947 2180 1035 2221 due
1052 2179 1215 2230 bande,
1239 2177 1362 2220 accio
1380 2177 1537 2233 sapino
1555 2192 1651 2220 me—

23 2254 115 2310 glio
136 2256 178 2298 le
201 2269 322 2299 cose.

111 2345 151 2386 3.
219 2345 275 2374 20
306 2332 565 2388 essemplari
595 2334 788 2375 hauemo
822 2339 1004 2375 seruato
1036 2333 1152 2374 delle
1186 2332 1343 2374 lettere
1376 2331 1571 2382 indiane‚
1608 2337 1655 2373 et

21 2409 133 2452 altre
163 2415 286 2452 tante
313 2409 525 2453 mandate
553 2424 633 2464 per
662 2411 877 2453 Treuere.
904 2410 939 2451 Il
967 2416 1086 2452 resto
1115 2424 1195 2464 per
1224 2408 1253 2450 li
1282 2408 1383 2450 altri
1407 2406 1586 2463 collegii
1607 2414 1654 2449 et

90 2545 100 2564 ¹
152 2547 210 2580 Ex
228 2547 482 2592 autographo,
502 2547 541 2581 in
562 2546 660 2582 Cod.
685 2557 735 2591 29
751 2547 802 2592 c),
823 2547 966 2593 duplici
987 2547 1077 2592 fol.,
1097 2546 1156 2592 85,
1176 2546 1221 2581 88
1239 2549 1352 2590 (272).

89 2607 102 2626 2
153 2605 368 2640 Servatius.
390 2605 489 2640 Vide
508 2605 623 2652 epist.
643 2605 727 2651 320,
747 2619 786 2641 n.
817 2615 849 2648 13
870 2612 909 2641 et
927 2606 1015 2641 326.

87 2665 100 2685 3
150 2663 232 2699 Sic.
258 2665 481 2700 Desiderari
501 2665 656 2700 videtur
675 2666 829 2712 aliquod
848 2667 1011 2701 verbum
1030 2665 1069 2700 in
1087 2666 1160 2700 hoc
1181 2666 1277 2699 loco.

86 2726 101 2745 ⁴
151 2723 452 2770 Christophorus
472 2724 702 2765 Strobelius,
723 2725 771 2760 de
789 2737 866 2772 quo
885 2725 974 2760 vide
994 2737 1121 2771 supra,
1142 2735 1229 2770 pag.
1254 2732 1334 2769 152,
1354 2728 1394 2758 et
1412 2722 1596 2769 append.,
1616 2722 1649 2757 I.

86 2785 100 2804 ⁵
151 2783 355 2829 Sylvester
373 2784 588 2828 Nosbaum,
608 2783 646 2818 ni
664 2784 848 2820 fallimur.
875 2784 975 2819 Vide
994 2783 1078 2829 ejus
1098 2795 1261 2818 examen
1280 2782 1319 2817 in
1338 2782 1521 2828 append„
1543 2782 1579 2817 I.

86 2843 101 2864 6
152 2843 400 2877 «Rumoldus
418 2843 598 2878 Flander
616 2842 660 2889 [Ρ]
678 2844 872 2878 Rombaut
891 2842 1121 2887 XVishaven,
1141 2845 1190 2877 ne
1209 2841 1230 2877 a
1250 2841 1428 2885 Malines,
1446 2841 1506 2876 fut
1524 2840 1649 2876 admis

17 2913 64 2936 au
84 2901 254 2936 noviciat
273 2901 294 2936 a
313 2902 487 2937 Louvain
507 2914 555 2937 en
577 2911 665 2947 1545
684 2908 723 2937 et
742 2908 869 2937 morut
887 2902 908 2937 a
932 2902 1127 2947 Louvain,
1147 2903 1183 2937 le
1202 2901 1246 2936 28
1271 2901 1480 2936 decembre
1510 2900 1649 2944 1566.»

17 2961 76 2995 Ex
95 2961 427 3005 SOMMERVOGEL,
447 2961 516 2996 Les
525 2961 694 3007 je'suites
711 2963 758 2997 de
777 2962 913 3004 Rome,
933 2972 1022 3008 pag.
1043 2970 1130 2996 XVI.
