<?xml version="1.0" encoding="UTF-8"?>
<!DOCTYPE html PUBLIC "-//W3C//DTD XHTML 1.0 Transitional//EN"
    "http://www.w3.org/TR/xhtml1/DTD/xhtml1-transitional.dtd">
<html xmlns="http://www.w3.org/1999/xhtml" xml:lang="en" lang="en">
 <head>
  <title>
</title>
<meta http-equiv="Content-Type" content="text/html;charset=utf-8" />
  <meta name='ocr-system' content='tesseract 3.04.00' />
  <meta name='ocr-capabilities' content='ocr_page ocr_carea ocr_par ocr_line ocrx_word'/>
</head>
<body>
  <div class='ocr_page' id='page_1' title='image "./epistolaephieron09nada_0047.png"; bbox 0 0 2098 3210; ppageno 0'>
   <div class='ocr_carea' id='block_1_1' title="bbox 880 164 1793 306">
    <p class='ocr_par' dir='ltr' id='par_1_1' title="bbox 880 164 1793 306">
     <span class='ocr_line' id='line_1_1' title="bbox 880 164 1793 306; baseline -0.002 -65"><span class='ocrx_word' id='word_1_1' title='bbox 880 205 969 241; x_wconf 84' lang='lat'>1554</span> <span class='ocrx_word' id='word_1_2' title='bbox 1644 203 1687 229; x_wconf 81' lang='lat'>21</span> <span class='ocrx_word' id='word_1_3' title='bbox 1724 164 1793 306; x_wconf 43' lang='grc' dir='ltr'>(ἐξ</span> 
     </span>
    </p>
   </div>
   <div class='ocr_carea' id='block_1_2' title="bbox 65 373 1691 509">
    <p class='ocr_par' dir='ltr' id='par_1_2' title="bbox 65 373 1691 509">
     <span class='ocr_line' id='line_1_2' title="bbox 65 373 1691 430; baseline -0.002 -10"><span class='ocrx_word' id='word_1_4' title='bbox 65 384 158 420; x_wconf 88' lang='lat' dir='ltr'>ster</span> <span class='ocrx_word' id='word_1_5' title='bbox 185 374 417 418; x_wconf 90' lang='lat' dir='ltr'>coadiutor</span> <span class='ocrx_word' id='word_1_6' title='bbox 449 374 659 430; x_wconf 86' lang='lat' dir='ltr'>palliatus</span> <span class='ocrx_word' id='word_1_7' title='bbox 681 374 884 417; x_wconf 81' lang='lat' dir='ltr'>consedit</span> <span class='ocrx_word' id='word_1_8' title='bbox 920 373 966 416; x_wconf 93' lang='lat' dir='ltr'>in</span> <span class='ocrx_word' id='word_1_9' title='bbox 1004 374 1157 430; x_wconf 92' lang='lat' dir='ltr'>primis</span> <span class='ocrx_word' id='word_1_10' title='bbox 1189 374 1430 429; x_wconf 86' lang='lat' dir='ltr'>subsellijs,</span> <span class='ocrx_word' id='word_1_11' title='bbox 1457 388 1572 429; x_wconf 85' lang='lat' dir='ltr'>quae</span> <span class='ocrx_word' id='word_1_12' title='bbox 1605 373 1691 416; x_wconf 87' lang='lat' dir='ltr'>fuit</span> 
     </span>
     <span class='ocr_line' id='line_1_3' title="bbox 67 450 1132 509; baseline -0.003 -13"><span class='ocrx_word' id='word_1_13' title='bbox 67 460 196 509; x_wconf 86' lang='lat' dir='ltr'>grata</span> <span class='ocrx_word' id='word_1_14' title='bbox 217 450 475 507; x_wconf 82' lang='lat' dir='ltr'>simplicitas</span> <span class='ocrx_word' id='word_1_15' title='bbox 497 451 587 494; x_wconf 90' lang='lat' dir='ltr'>don</span> <span class='ocrx_word' id='word_1_16' title='bbox 608 450 762 494; x_wconf 88' lang='lat' dir='ltr'>Ioanni</span> <span class='ocrx_word' id='word_1_17' title='bbox 785 457 831 494; x_wconf 91' lang='lat' dir='ltr'>et</span> <span class='ocrx_word' id='word_1_18' title='bbox 852 450 1132 506; x_wconf 86' lang='lat' dir='ltr'>primatibus.</span> 
     </span>
    </p>
   </div>
   <div class='ocr_carea' id='block_1_3' title="bbox 818 576 929 610">
    <p class='ocr_par' dir='ltr' id='par_1_3' title="bbox 818 576 929 610">
     <span class='ocr_line' id='line_1_4' title="bbox 818 576 929 610; baseline 0 -1"><span class='ocrx_word' id='word_1_19' title='bbox 818 576 929 610; x_wconf 88' lang='lat'>1554</span> 
     </span>
    </p>
   </div>
   <div class='ocr_carea' id='block_1_4' title="bbox 56 681 1692 2893">
    <p class='ocr_par' dir='ltr' id='par_1_4' title="bbox 60 681 1690 1110">
     <span class='ocr_line' id='line_1_5' title="bbox 154 681 1689 738; baseline 0 -14"><span class='ocrx_word' id='word_1_20' title='bbox 154 681 342 738; x_wconf 89' lang='lat' dir='ltr'>Egimus</span> <span class='ocrx_word' id='word_1_21' title='bbox 381 683 433 725; x_wconf 90' lang='lat' dir='ltr'>P.</span> <span class='ocrx_word' id='word_1_22' title='bbox 466 681 695 724; x_wconf 87' lang='lat' dir='ltr'>Antonius</span> <span class='ocrx_word' id='word_1_23' title='bbox 732 688 777 725; x_wconf 93' lang='lat' dir='ltr'>et</span> <span class='ocrx_word' id='word_1_24' title='bbox 805 696 893 738; x_wconf 88' lang='lat' dir='ltr'>ego</span> <span class='ocrx_word' id='word_1_25' title='bbox 917 696 1021 724; x_wconf 93' lang='lat' dir='ltr'>cum</span> <span class='ocrx_word' id='word_1_26' title='bbox 1039 681 1190 733; x_wconf 88' lang='lat' dir='ltr'>Auila,</span> <span class='ocrx_word' id='word_1_27' title='bbox 1218 689 1371 737; x_wconf 87' lang='lat' dir='ltr'>aperte</span> <span class='ocrx_word' id='word_1_28' title='bbox 1394 681 1573 725; x_wconf 79' lang='lat' dir='ltr'>audisse</span> <span class='ocrx_word' id='word_1_29' title='bbox 1603 696 1689 725; x_wconf 90' lang='lat' dir='ltr'>nos</span> 
     </span>
     <span class='ocr_line' id='line_1_6' title="bbox 65 757 1690 815; baseline -0.001 -13"><span class='ocrx_word' id='word_1_30' title='bbox 65 774 175 803; x_wconf 83' lang='lat' dir='ltr'>eum·</span> <span class='ocrx_word' id='word_1_31' title='bbox 197 758 397 815; x_wconf 88' lang='lat' dir='ltr'>cogitare</span> <span class='ocrx_word' id='word_1_32' title='bbox 426 760 482 803; x_wconf 89' lang='lat' dir='ltr'>de</span> <span class='ocrx_word' id='word_1_33' title='bbox 510 758 758 803; x_wconf 89' lang='lat' dir='ltr'>Societate:</span> <span class='ocrx_word' id='word_1_34' title='bbox 791 758 903 801; x_wconf 84' lang='lat' dir='ltr'>dixit</span> <span class='ocrx_word' id='word_1_35' title='bbox 931 774 980 802; x_wconf 92' lang='lat' dir='ltr'>se</span> <span class='ocrx_word' id='word_1_36' title='bbox 1009 757 1235 814; x_wconf 77' lang='lat' dir='ltr'>cogitasse</span> <span class='ocrx_word' id='word_1_37' title='bbox 1263 758 1467 813; x_wconf 88' lang='lat' dir='ltr'>quidem,</span> <span class='ocrx_word' id='word_1_38' title='bbox 1498 766 1544 801; x_wconf 92' lang='lat' dir='ltr'>et</span> <span class='ocrx_word' id='word_1_39' title='bbox 1579 758 1690 800; x_wconf 90' lang='lat' dir='ltr'>nihil</span> 
     </span>
     <span class='ocr_line' id='line_1_7' title="bbox 65 835 1689 891; baseline -0.001 -12"><span class='ocrx_word' id='word_1_40' title='bbox 65 835 148 879; x_wconf 91' lang='lat' dir='ltr'>sibi</span> <span class='ocrx_word' id='word_1_41' title='bbox 169 835 312 879; x_wconf 88' lang='lat' dir='ltr'>videri</span> <span class='ocrx_word' id='word_1_42' title='bbox 333 835 513 887; x_wconf 90' lang='lat' dir='ltr'>dificile,</span> <span class='ocrx_word' id='word_1_43' title='bbox 540 835 626 878; x_wconf 91' lang='lat' dir='ltr'>nisi</span> <span class='ocrx_word' id='word_1_44' title='bbox 649 836 769 890; x_wconf 91' lang='lat' dir='ltr'>quod</span> <span class='ocrx_word' id='word_1_45' title='bbox 791 835 1032 891; x_wconf 85' lang='lat' dir='ltr'>negocium</span> <span class='ocrx_word' id='word_1_46' title='bbox 1055 842 1100 878; x_wconf 91' lang='lat' dir='ltr'>et</span> <span class='ocrx_word' id='word_1_47' title='bbox 1122 835 1321 879; x_wconf 88' lang='lat' dir='ltr'>laborem</span> <span class='ocrx_word' id='word_1_48' title='bbox 1339 836 1580 878; x_wconf 79' lang='lat' dir='ltr'>facesseret</span> <span class='ocrx_word' id='word_1_49' title='bbox 1603 836 1689 879; x_wconf 89' lang='lat' dir='ltr'>So-</span> 
     </span>
     <span class='ocr_line' id='line_1_8' title="bbox 60 911 1689 968; baseline -0.001 -12"><span class='ocrx_word' id='word_1_50' title='bbox 60 912 228 966; x_wconf 89' lang='lat' dir='ltr'>cietati,</span> <span class='ocrx_word' id='word_1_51' title='bbox 248 920 430 968; x_wconf 85' lang='lat' dir='ltr'>propter</span> <span class='ocrx_word' id='word_1_52' title='bbox 453 912 550 956; x_wconf 89' lang='lat' dir='ltr'>eius</span> <span class='ocrx_word' id='word_1_53' title='bbox 580 920 670 955; x_wconf 89' lang='lat' dir='ltr'>tam</span> <span class='ocrx_word' id='word_1_54' title='bbox 700 912 910 955; x_wconf 85' lang='lat' dir='ltr'>afflictam</span> <span class='ocrx_word' id='word_1_55' title='bbox 954 911 1275 956; x_wconf 88' lang='lat' dir='ltr'>valetudinem.</span> <span class='ocrx_word' id='word_1_56' title='bbox 1317 912 1689 968; x_wconf 89' lang='lat' dir='ltr'>Significauimus</span> 
     </span>
     <span class='ocr_line' id='line_1_9' title="bbox 64 988 1687 1046; baseline -0.001 -14"><span class='ocrx_word' id='word_1_57' title='bbox 64 1004 154 1032; x_wconf 92' lang='lat' dir='ltr'>non</span> <span class='ocrx_word' id='word_1_58' title='bbox 171 990 266 1033; x_wconf 88' lang='lat' dir='ltr'>fore</span> <span class='ocrx_word' id='word_1_59' title='bbox 288 989 398 1031; x_wconf 92' lang='lat' dir='ltr'>illud</span> <span class='ocrx_word' id='word_1_60' title='bbox 414 989 594 1032; x_wconf 89' lang='lat' dir='ltr'>dificile:</span> <span class='ocrx_word' id='word_1_61' title='bbox 615 989 815 1033; x_wconf 85' lang='lat' dir='ltr'>intellexi</span> <span class='ocrx_word' id='word_1_62' title='bbox 843 989 848 1046; x_wconf 90' lang='grc' dir='ltr'>Ι</span> <span class='ocrx_word' id='word_1_63' title='bbox 879 989 1017 1034; x_wconf 89' lang='lat' dir='ltr'>fuisse</span> <span class='ocrx_word' id='word_1_64' title='bbox 1034 990 1090 1032; x_wconf 86' lang='lat' dir='ltr'>ad</span> <span class='ocrx_word' id='word_1_65' title='bbox 1108 1004 1190 1032; x_wconf 90' lang='lat' dir='ltr'>nos</span> <span class='ocrx_word' id='word_1_66' title='bbox 1208 997 1468 1042; x_wconf 91' lang='lat' dir='ltr'>venturum,</span> <span class='ocrx_word' id='word_1_67' title='bbox 1489 988 1527 1031; x_wconf 94' lang='lat' dir='ltr'>si</span> <span class='ocrx_word' id='word_1_68' title='bbox 1544 988 1590 1030; x_wconf 92' lang='lat' dir='ltr'>id</span> <span class='ocrx_word' id='word_1_69' title='bbox 1607 1003 1687 1031; x_wconf 83' lang='lat' dir='ltr'>cu-</span> 
     </span>
     <span class='ocr_line' id='line_1_10' title="bbox 65 1066 581 1110; baseline 0 -1"><span class='ocrx_word' id='word_1_70' title='bbox 65 1072 205 1110; x_wconf 83' lang='lat' dir='ltr'>rasset</span> <span class='ocrx_word' id='word_1_71' title='bbox 227 1066 581 1109; x_wconf 85' lang='lat' dir='ltr'>Bustamantius.</span> 
     </span>
    </p>

    <p class='ocr_par' dir='ltr' id='par_1_5' title="bbox 59 1142 1692 1970">
     <span class='ocr_line' id='line_1_11' title="bbox 152 1142 1692 1199; baseline 0 -13"><span class='ocrx_word' id='word_1_72' title='bbox 152 1144 188 1191; x_wconf 90' lang='lat' dir='ltr'>F</span> <span class='ocrx_word' id='word_1_73' title='bbox 191 1142 447 1187; x_wconf 86' lang='lat' dir='ltr'>amiliariter</span> <span class='ocrx_word' id='word_1_74' title='bbox 468 1142 543 1199; x_wconf 85' lang='lat' dir='ltr'>egi</span> <span class='ocrx_word' id='word_1_75' title='bbox 566 1158 669 1186; x_wconf 93' lang='lat' dir='ltr'>cum</span> <span class='ocrx_word' id='word_1_76' title='bbox 691 1145 777 1186; x_wconf 92' lang='lat' dir='ltr'>hoc</span> <span class='ocrx_word' id='word_1_77' title='bbox 800 1144 921 1186; x_wconf 87' lang='lat' dir='ltr'>bono</span> <span class='ocrx_word' id='word_1_78' title='bbox 946 1145 1095 1187; x_wconf 87' lang='lat' dir='ltr'>Patre:</span> <span class='ocrx_word' id='word_1_79' title='bbox 1122 1143 1350 1199; x_wconf 86' lang='lat' dir='ltr'>disputaui</span> <span class='ocrx_word' id='word_1_80' title='bbox 1373 1142 1506 1186; x_wconf 88' lang='lat' dir='ltr'>etiarn</span> <span class='ocrx_word' id='word_1_81' title='bbox 1528 1142 1692 1186; x_wconf 86' lang='lat' dir='ltr'>acriter</span> 
     </span>
     <span class='ocr_line' id='line_1_12' title="bbox 66 1219 1691 1276; baseline -0.001 -14"><span class='ocrx_word' id='word_1_82' title='bbox 66 1226 220 1263; x_wconf 86' lang='lat' dir='ltr'>contra</span> <span class='ocrx_word' id='word_1_83' title='bbox 243 1219 498 1276; x_wconf 89' lang='lat' dir='ltr'>opinionem</span> <span class='ocrx_word' id='word_1_84' title='bbox 529 1220 642 1272; x_wconf 86' lang='lat' dir='ltr'>Soti,</span> <span class='ocrx_word' id='word_1_85' title='bbox 675 1221 796 1276; x_wconf 92' lang='lat' dir='ltr'>quod</span> <span class='ocrx_word' id='word_1_86' title='bbox 818 1221 928 1263; x_wconf 92' lang='lat' dir='ltr'>ordo</span> <span class='ocrx_word' id='word_1_87' title='bbox 957 1220 1251 1276; x_wconf 89' lang='lat' dir='ltr'>correptionis</span> <span class='ocrx_word' id='word_1_88' title='bbox 1281 1220 1573 1276; x_wconf 85' lang='lat' dir='ltr'>euangelicae</span> <span class='ocrx_word' id='word_1_89' title='bbox 1599 1234 1691 1262; x_wconf 93' lang='lat' dir='ltr'>non</span> 
     </span>
     <span class='ocr_line' id='line_1_13' title="bbox 61 1296 1692 1353; baseline 0 -13"><span class='ocrx_word' id='word_1_90' title='bbox 61 1304 184 1341; x_wconf 88' lang='lat' dir='ltr'>esset</span> <span class='ocrx_word' id='word_1_91' title='bbox 219 1298 471 1340; x_wconf 86' lang='lat' dir='ltr'>seruandus</span> <span class='ocrx_word' id='word_1_92' title='bbox 500 1296 547 1339; x_wconf 92' lang='lat' dir='ltr'>in</span> <span class='ocrx_word' id='word_1_93' title='bbox 576 1297 763 1342; x_wconf 90' lang='lat' dir='ltr'>crimine</span> <span class='ocrx_word' id='word_1_94' title='bbox 792 1299 1047 1341; x_wconf 90' lang='lat' dir='ltr'>haereseos:</span> <span class='ocrx_word' id='word_1_95' title='bbox 1074 1304 1351 1353; x_wconf 90' lang='lat' dir='ltr'>conquestus</span> <span class='ocrx_word' id='word_1_96' title='bbox 1379 1304 1448 1341; x_wconf 87' lang='lat' dir='ltr'>est</span> <span class='ocrx_word' id='word_1_97' title='bbox 1476 1297 1596 1352; x_wconf 84' lang='lat' dir='ltr'>apud</span> <span class='ocrx_word' id='word_1_98' title='bbox 1619 1312 1692 1340; x_wconf 91' lang='lat' dir='ltr'>me</span> 
     </span>
     <span class='ocr_line' id='line_1_14' title="bbox 62 1373 1691 1430; baseline -0.001 -13"><span class='ocrx_word' id='word_1_99' title='bbox 62 1374 187 1429; x_wconf 90' lang='lat' dir='ltr'>quod</span> <span class='ocrx_word' id='word_1_100' title='bbox 224 1388 315 1416; x_wconf 93' lang='lat' dir='ltr'>non</span> <span class='ocrx_word' id='word_1_101' title='bbox 352 1373 670 1430; x_wconf 85' lang='lat' dir='ltr'>reciperemus,</span> <span class='ocrx_word' id='word_1_102' title='bbox 713 1374 790 1429; x_wconf 92' lang='lat' dir='ltr'>qui</span> <span class='ocrx_word' id='word_1_103' title='bbox 827 1375 1003 1417; x_wconf 91' lang='lat' dir='ltr'>ducunt</span> <span class='ocrx_word' id='word_1_104' title='bbox 1031 1389 1057 1416; x_wconf 89' lang='lat' dir='ltr'>a</span> <span class='ocrx_word' id='word_1_105' title='bbox 1086 1373 1258 1417; x_wconf 90' lang='lat' dir='ltr'>iudaeis</span> <span class='ocrx_word' id='word_1_106' title='bbox 1287 1373 1526 1430; x_wconf 88' lang='lat' dir='ltr'>origine1n;</span> <span class='ocrx_word' id='word_1_107' title='bbox 1568 1389 1617 1418; x_wconf 93' lang='lat' dir='ltr'>se</span> <span class='ocrx_word' id='word_1_108' title='bbox 1646 1373 1691 1415; x_wconf 93' lang='lat' dir='ltr'>id</span> 
     </span>
     <span class='ocr_line' id='line_1_15' title="bbox 59 1450 1690 1507; baseline 0 -14"><span class='ocrx_word' id='word_1_109' title='bbox 59 1450 176 1495; x_wconf 89' lang='lat' dir='ltr'>scire</span> <span class='ocrx_word' id='word_1_110' title='bbox 203 1451 260 1493; x_wconf 92' lang='lat' dir='ltr'>de</span> <span class='ocrx_word' id='word_1_111' title='bbox 287 1450 484 1494; x_wconf 85' lang='lat' dir='ltr'>Araozio</span> <span class='ocrx_word' id='word_1_112' title='bbox 513 1458 558 1494; x_wconf 92' lang='lat' dir='ltr'>et</span> <span class='ocrx_word' id='word_1_113' title='bbox 587 1451 777 1495; x_wconf 87' lang='lat' dir='ltr'>Mirone.</span> <span class='ocrx_word' id='word_1_114' title='bbox 810 1451 1039 1507; x_wconf 87' lang='lat' dir='ltr'>Respondi</span> <span class='ocrx_word' id='word_1_115' title='bbox 1067 1451 1129 1493; x_wconf 86' lang='lat' dir='ltr'>ita</span> <span class='ocrx_word' id='word_1_116' title='bbox 1158 1465 1249 1493; x_wconf 92' lang='lat' dir='ltr'>non</span> <span class='ocrx_word' id='word_1_117' title='bbox 1271 1465 1387 1504; x_wconf 82' lang='lat' dir='ltr'>esse3</span> <span class='ocrx_word' id='word_1_118' title='bbox 1420 1452 1499 1495; x_wconf 93' lang='lat' dir='ltr'>sed</span> <span class='ocrx_word' id='word_1_119' title='bbox 1522 1452 1690 1495; x_wconf 89' lang='lat' dir='ltr'>habere</span> 
     </span>
     <span class='ocr_line' id='line_1_16' title="bbox 62 1527 1688 1584; baseline 0 -14"><span class='ocrx_word' id='word_1_120' title='bbox 62 1542 146 1570; x_wconf 95' lang='lat' dir='ltr'>nos</span> <span class='ocrx_word' id='word_1_121' title='bbox 173 1528 399 1572; x_wconf 89' lang='lat' dir='ltr'>delectum</span> <span class='ocrx_word' id='word_1_122' title='bbox 435 1527 482 1570; x_wconf 91' lang='lat' dir='ltr'>in</span> <span class='ocrx_word' id='word_1_123' title='bbox 518 1528 604 1571; x_wconf 90' lang='lat' dir='ltr'>illis</span> <span class='ocrx_word' id='word_1_124' title='bbox 642 1528 926 1584; x_wconf 89' lang='lat' dir='ltr'>recipiendis.</span> <span class='ocrx_word' id='word_1_125' title='bbox 969 1530 1125 1584; x_wconf 78' lang='lat' dir='ltr'>Quum</span> <span class='ocrx_word' id='word_1_126' title='bbox 1156 1530 1242 1571; x_wconf 95' lang='lat' dir='ltr'>hoc</span> <span class='ocrx_word' id='word_1_127' title='bbox 1280 1529 1609 1580; x_wconf 85' lang='lat' dir='ltr'>confirmarem,</span> <span class='ocrx_word' id='word_1_128' title='bbox 1642 1536 1688 1572; x_wconf 92' lang='lat' dir='ltr'>et</span> 
     </span>
     <span class='ocr_line' id='line_1_17' title="bbox 61 1604 1688 1662; baseline 0.001 -16"><span class='ocrx_word' id='word_1_129' title='bbox 61 1604 289 1648; x_wconf 88' lang='lat' dir='ltr'>videretur</span> <span class='ocrx_word' id='word_1_130' title='bbox 312 1612 462 1650; x_wconf 91' lang='lat' dir='ltr'>tamen</span> <span class='ocrx_word' id='word_1_131' title='bbox 499 1620 591 1648; x_wconf 92' lang='lat' dir='ltr'>non</span> <span class='ocrx_word' id='word_1_132' title='bbox 612 1605 801 1657; x_wconf 89' lang='lat' dir='ltr'>moueri,</span> <span class='ocrx_word' id='word_1_133' title='bbox 827 1605 918 1647; x_wconf 84' lang='lat' dir='ltr'>dixi</span> <span class='ocrx_word' id='word_1_134' title='bbox 940 1605 1080 1649; x_wconf 89' lang='lat' dir='ltr'>libere</span> <span class='ocrx_word' id='word_1_135' title='bbox 1108 1620 1242 1662; x_wconf 93' lang='lat' dir='ltr'>posse</span> <span class='ocrx_word' id='word_1_136' title='bbox 1269 1621 1363 1650; x_wconf 88' lang='lat' dir='ltr'>rem</span> <span class='ocrx_word' id='word_1_137' title='bbox 1396 1606 1617 1648; x_wconf 87' lang='lat' dir='ltr'>affirmare</span> <span class='ocrx_word' id='word_1_138' title='bbox 1638 1613 1688 1647; x_wconf 86' lang='lat' dir='ltr'>vt</span> 
     </span>
     <span class='ocr_line' id='line_1_18' title="bbox 60 1682 1685 1738; baseline -0.001 -13"><span class='ocrx_word' id='word_1_139' title='bbox 60 1688 172 1725; x_wconf 89' lang='lat' dir='ltr'>erat:</span> <span class='ocrx_word' id='word_1_140' title='bbox 199 1683 347 1725; x_wconf 85' lang='lat' dir='ltr'>facere</span> <span class='ocrx_word' id='word_1_141' title='bbox 369 1689 415 1724; x_wconf 86' lang='lat' dir='ltr'>vt</span> <span class='ocrx_word' id='word_1_142' title='bbox 437 1682 511 1726; x_wconf 92' lang='lat' dir='ltr'>ille</span> <span class='ocrx_word' id='word_1_143' title='bbox 533 1683 751 1736; x_wconf 87' lang='lat' dir='ltr'>crederet,</span> <span class='ocrx_word' id='word_1_144' title='bbox 776 1682 821 1725; x_wconf 91' lang='lat' dir='ltr'>id</span> <span class='ocrx_word' id='word_1_145' title='bbox 839 1697 910 1726; x_wconf 91' lang='lat' dir='ltr'>me</span> <span class='ocrx_word' id='word_1_146' title='bbox 932 1697 1023 1725; x_wconf 93' lang='lat' dir='ltr'>non</span> <span class='ocrx_word' id='word_1_147' title='bbox 1044 1697 1193 1738; x_wconf 88' lang='lat' dir='ltr'>posse;</span> <span class='ocrx_word' id='word_1_148' title='bbox 1220 1682 1386 1738; x_wconf 79' lang='lat' dir='ltr'>alioqui</span> <span class='ocrx_word' id='word_1_149' title='bbox 1403 1683 1475 1725; x_wconf 78' lang='lat'>13</span> <span class='ocrx_word' id='word_1_150' title='bbox 1498 1682 1685 1738; x_wconf 91' lang='lat' dir='ltr'>siquem</span> 
     </span>
     <span class='ocr_line' id='line_1_19' title="bbox 62 1759 1686 1816; baseline 0.001 -15"><span class='ocrx_word' id='word_1_151' title='bbox 62 1759 248 1803; x_wconf 85' lang='lat' dir='ltr'>haberet</span> <span class='ocrx_word' id='word_1_152' title='bbox 269 1759 481 1802; x_wconf 87' lang='lat' dir='ltr'>idoneum</span> <span class='ocrx_word' id='word_1_153' title='bbox 504 1776 559 1804; x_wconf 91' lang='lat' dir='ltr'>ex</span> <span class='ocrx_word' id='word_1_154' title='bbox 581 1760 656 1802; x_wconf 89' lang='lat' dir='ltr'>illo</span> <span class='ocrx_word' id='word_1_155' title='bbox 678 1774 862 1816; x_wconf 82' lang='lat' dir='ltr'>genere,</span> <span class='ocrx_word' id='word_1_156' title='bbox 883 1760 1008 1802; x_wconf 88' lang='lat' dir='ltr'>illum</span> <span class='ocrx_word' id='word_1_157' title='bbox 1027 1762 1224 1804; x_wconf 85' lang='lat' dir='ltr'>offerret:</span> <span class='ocrx_word' id='word_1_158' title='bbox 1245 1767 1686 1816; x_wconf 84' lang='lat' dir='ltr'>repraesentaturum</span> 
     </span>
     <span class='ocr_line' id='line_1_20' title="bbox 64 1837 1687 1893; baseline -0.001 -15"><span class='ocrx_word' id='word_1_159' title='bbox 64 1850 135 1879; x_wconf 88' lang='lat' dir='ltr'>me</span> <span class='ocrx_word' id='word_1_160' title='bbox 171 1851 242 1889; x_wconf 88' lang='lat' dir='ltr'>re,</span> <span class='ocrx_word' id='word_1_161' title='bbox 283 1837 403 1892; x_wconf 92' lang='lat' dir='ltr'>quod</span> <span class='ocrx_word' id='word_1_162' title='bbox 437 1837 588 1880; x_wconf 87' lang='lat' dir='ltr'>verbis</span> <span class='ocrx_word' id='word_1_163' title='bbox 623 1838 928 1880; x_wconf 87' lang='lat' dir='ltr'>affirmassem.</span> <span class='ocrx_word' id='word_1_164' title='bbox 960 1837 1201 1893; x_wconf 87' lang='lat' dir='ltr'>Proposuit</span> <span class='ocrx_word' id='word_1_165' title='bbox 1236 1838 1505 1882; x_wconf 86' lang='lat' dir='ltr'>Santander:</span> <span class='ocrx_word' id='word_1_166' title='bbox 1538 1837 1687 1892; x_wconf 92' lang='lat' dir='ltr'>recepi</span> 
     </span>
     <span class='ocr_line' id='line_1_21' title="bbox 62 1912 932 1970; baseline 0.001 -15"><span class='ocrx_word' id='word_1_167' title='bbox 62 1912 203 1966; x_wconf 90' lang='lat' dir='ltr'>illum,</span> <span class='ocrx_word' id='word_1_168' title='bbox 229 1920 274 1958; x_wconf 90' lang='lat' dir='ltr'>et</span> <span class='ocrx_word' id='word_1_169' title='bbox 295 1913 402 1956; x_wconf 90' lang='lat' dir='ltr'>duxi</span> <span class='ocrx_word' id='word_1_170' title='bbox 424 1928 602 1957; x_wconf 87' lang='lat' dir='ltr'>mecum</span> <span class='ocrx_word' id='word_1_171' title='bbox 625 1915 932 1970; x_wconf 90' lang='lat' dir='ltr'>Complutum.</span> 
     </span>
    </p>

    <p class='ocr_par' dir='ltr' id='par_1_6' title="bbox 57 1991 1687 2354">
     <span class='ocr_line' id='line_1_22' title="bbox 150 1991 1687 2036; baseline -0.001 -2"><span class='ocrx_word' id='word_1_172' title='bbox 150 1991 238 2034; x_wconf 90' lang='lat' dir='ltr'>Hic</span> <span class='ocrx_word' id='word_1_173' title='bbox 260 1991 459 2035; x_wconf 86' lang='lat' dir='ltr'>intellexi</span> <span class='ocrx_word' id='word_1_174' title='bbox 482 2006 537 2034; x_wconf 91' lang='lat' dir='ltr'>ex</span> <span class='ocrx_word' id='word_1_175' title='bbox 559 1991 700 2035; x_wconf 89' lang='lat' dir='ltr'>literis</span> <span class='ocrx_word' id='word_1_176' title='bbox 722 1993 871 2035; x_wconf 87' lang='lat' dir='ltr'>Araoz</span> <span class='ocrx_word' id='word_1_177' title='bbox 895 1999 939 2035; x_wconf 89' lang='lat' dir='ltr'>et</span> <span class='ocrx_word' id='word_1_178' title='bbox 958 1994 1008 2035; x_wconf 83' lang='lat' dir='ltr'>P.</span> <span class='ocrx_word' id='word_1_179' title='bbox 1026 1993 1061 2035; x_wconf 93' lang='lat' dir='ltr'>F</span> <span class='ocrx_word' id='word_1_180' title='bbox 1065 1991 1255 2034; x_wconf 86' lang='lat' dir='ltr'>rancisci</span> <span class='ocrx_word' id='word_1_181' title='bbox 1272 1992 1421 2035; x_wconf 89' lang='lat' dir='ltr'>delata</span> <span class='ocrx_word' id='word_1_182' title='bbox 1438 2006 1538 2036; x_wconf 93' lang='lat' dir='ltr'>esse</span> <span class='ocrx_word' id='word_1_183' title='bbox 1556 2006 1687 2035; x_wconf 92' lang='lat' dir='ltr'>exer—</span> 
     </span>
     <span class='ocr_line' id='line_1_23' title="bbox 57 2066 1685 2124; baseline -0.001 -14"><span class='ocrx_word' id='word_1_184' title='bbox 57 2066 165 2110; x_wconf 88' lang='lat' dir='ltr'>citia</span> <span class='ocrx_word' id='word_1_185' title='bbox 186 2069 304 2123; x_wconf 89' lang='lat' dir='ltr'>apud</span> <span class='ocrx_word' id='word_1_186' title='bbox 328 2067 632 2124; x_wconf 86' lang='lat' dir='ltr'>inquisitores.</span> <span class='ocrx_word' id='word_1_187' title='bbox 659 2068 829 2124; x_wconf 84' lang='lat' dir='ltr'>Scripsi</span> <span class='ocrx_word' id='word_1_188' title='bbox 853 2070 909 2111; x_wconf 87' lang='lat' dir='ltr'>ad</span> <span class='ocrx_word' id='word_1_189' title='bbox 931 2070 1081 2112; x_wconf 84' lang='lat' dir='ltr'>Araoz</span> <span class='ocrx_word' id='word_1_190' title='bbox 1104 2082 1252 2112; x_wconf 83' lang='lat' dir='ltr'>acrem</span> <span class='ocrx_word' id='word_1_191' title='bbox 1276 2068 1526 2124; x_wconf 90' lang='lat' dir='ltr'>epistolam,</span> <span class='ocrx_word' id='word_1_192' title='bbox 1552 2082 1685 2122; x_wconf 88' lang='lat' dir='ltr'>quarn</span> 
     </span>
     <span class='ocr_line' id='line_1_24' title="bbox 59 2145 1682 2202; baseline -0.001 -15"><span class='ocrx_word' id='word_1_193' title='bbox 59 2152 210 2200; x_wconf 89' lang='lat' dir='ltr'>posset</span> <span class='ocrx_word' id='word_1_194' title='bbox 232 2145 445 2189; x_wconf 86' lang='lat' dir='ltr'>exhibere</span> <span class='ocrx_word' id='word_1_195' title='bbox 467 2146 723 2202; x_wconf 89' lang='lat' dir='ltr'>legendam,</span> <span class='ocrx_word' id='word_1_196' title='bbox 750 2145 915 2201; x_wconf 88' lang='lat' dir='ltr'>quibus</span> <span class='ocrx_word' id='word_1_197' title='bbox 946 2147 1097 2190; x_wconf 86' lang='lat' dir='ltr'>vellet.</span> <span class='ocrx_word' id='word_1_198' title='bbox 1125 2147 1203 2189; x_wconf 87' lang='lat' dir='ltr'>Illa</span> <span class='ocrx_word' id='word_1_199' title='bbox 1224 2145 1413 2202; x_wconf 84' lang='lat' dir='ltr'>epistola</span> <span class='ocrx_word' id='word_1_200' title='bbox 1435 2145 1479 2187; x_wconf 90' lang='lat' dir='ltr'>id</span> <span class='ocrx_word' id='word_1_201' title='bbox 1501 2146 1682 2201; x_wconf 86' lang='lat' dir='ltr'>agebat,</span> 
     </span>
     <span class='ocr_line' id='line_1_25' title="bbox 59 2221 1686 2278; baseline 0.001 -15"><span class='ocrx_word' id='word_1_202' title='bbox 59 2235 142 2264; x_wconf 91' lang='lat' dir='ltr'>nos</span> <span class='ocrx_word' id='word_1_203' title='bbox 163 2222 377 2266; x_wconf 89' lang='lat' dir='ltr'>exercitia</span> <span class='ocrx_word' id='word_1_204' title='bbox 398 2237 497 2267; x_wconf 93' lang='lat' dir='ltr'>esse</span> <span class='ocrx_word' id='word_1_205' title='bbox 519 2223 801 2275; x_wconf 86' lang='lat' dir='ltr'>defensuros,</span> <span class='ocrx_word' id='word_1_206' title='bbox 828 2238 918 2266; x_wconf 93' lang='lat' dir='ltr'>non</span> <span class='ocrx_word' id='word_1_207' title='bbox 941 2223 1029 2266; x_wconf 87' lang='lat' dir='ltr'>iam</span> <span class='ocrx_word' id='word_1_208' title='bbox 1051 2230 1099 2265; x_wconf 90' lang='lat' dir='ltr'>vt</span> <span class='ocrx_word' id='word_1_209' title='bbox 1122 2230 1292 2275; x_wconf 88' lang='lat' dir='ltr'>nostra,</span> <span class='ocrx_word' id='word_1_210' title='bbox 1319 2223 1397 2266; x_wconf 89' lang='lat' dir='ltr'>sed</span> <span class='ocrx_word' id='word_1_211' title='bbox 1419 2229 1468 2264; x_wconf 89' lang='lat' dir='ltr'>vt</span> <span class='ocrx_word' id='word_1_212' title='bbox 1492 2237 1517 2265; x_wconf 83' lang='lat' dir='ltr'>a</span> <span class='ocrx_word' id='word_1_213' title='bbox 1544 2221 1550 2278; x_wconf 89' lang='grc' dir='ltr'>Ι</span> <span class='ocrx_word' id='word_1_214' title='bbox 1579 2222 1686 2265; x_wconf 93' lang='lat' dir='ltr'>sede</span> 
     </span>
     <span class='ocr_line' id='line_1_26' title="bbox 59 2298 605 2354; baseline 0.004 -13"><span class='ocrx_word' id='word_1_215' title='bbox 59 2298 306 2354; x_wconf 87' lang='lat' dir='ltr'>apostolica</span> <span class='ocrx_word' id='word_1_216' title='bbox 327 2300 605 2343; x_wconf 88' lang='lat' dir='ltr'>confirmata.</span> 
     </span>
    </p>

    <p class='ocr_par' dir='ltr' id='par_1_7' title="bbox 56 2375 1686 2815">
     <span class='ocr_line' id='line_1_27' title="bbox 150 2375 1686 2433; baseline -0.001 -15"><span class='ocrx_word' id='word_1_217' title='bbox 150 2375 424 2419; x_wconf 87' lang='lat' dir='ltr'>Renuntiaui</span> <span class='ocrx_word' id='word_1_218' title='bbox 447 2378 499 2419; x_wconf 87' lang='lat' dir='ltr'>P.</span> <span class='ocrx_word' id='word_1_219' title='bbox 525 2377 776 2420; x_wconf 86' lang='lat' dir='ltr'>Antonium</span> <span class='ocrx_word' id='word_1_220' title='bbox 798 2384 1017 2420; x_wconf 90' lang='lat' dir='ltr'>rectorem</span> <span class='ocrx_word' id='word_1_221' title='bbox 1039 2376 1234 2433; x_wconf 89' lang='lat' dir='ltr'>collegij:</span> <span class='ocrx_word' id='word_1_222' title='bbox 1261 2377 1382 2432; x_wconf 93' lang='lat' dir='ltr'>quod</span> <span class='ocrx_word' id='word_1_223' title='bbox 1399 2390 1538 2431; x_wconf 91' lang='lat' dir='ltr'>quum</span> <span class='ocrx_word' id='word_1_224' title='bbox 1556 2375 1686 2418; x_wconf 86' lang='lat' dir='ltr'>audi-</span> 
     </span>
     <span class='ocr_line' id='line_1_28' title="bbox 61 2440 1685 2509; baseline 0.002 -17"><span class='ocrx_word' id='word_1_225' title='bbox 61 2466 156 2495; x_wconf 90' lang='lat' dir='ltr'>rem</span> <span class='ocrx_word' id='word_1_226' title='bbox 176 2440 315 2508; x_wconf 84' lang='lat' dir='ltr'>aegre</span> <span class='ocrx_word' id='word_1_227' title='bbox 338 2453 453 2497; x_wconf 85' lang='lat' dir='ltr'>ferre</span> <span class='ocrx_word' id='word_1_228' title='bbox 475 2453 639 2496; x_wconf 82' lang='lat' dir='ltr'>bonam</span> <span class='ocrx_word' id='word_1_229' title='bbox 661 2453 1046 2507; x_wconf 79' lang='lat' dir='ltr'>marchionissam,</span> <span class='ocrx_word' id='word_1_230' title='bbox 1071 2453 1286 2509; x_wconf 88' lang='lat' dir='ltr'>respondi</span> <span class='ocrx_word' id='word_1_231' title='bbox 1303 2454 1358 2496; x_wconf 91' lang='lat' dir='ltr'>ad</span> <span class='ocrx_word' id='word_1_232' title='bbox 1376 2452 1685 2508; x_wconf 87' lang='lat' dir='ltr'>probationem</span> 
     </span>
     <span class='ocr_line' id='line_1_29' title="bbox 62 2528 1686 2586; baseline 0 -14"><span class='ocrx_word' id='word_1_233' title='bbox 62 2542 160 2572; x_wconf 87' lang='lat' dir='ltr'>esse</span> <span class='ocrx_word' id='word_1_234' title='bbox 211 2529 499 2586; x_wconf 86' lang='lat' dir='ltr'>designatum</span> <span class='ocrx_word' id='word_1_235' title='bbox 543 2532 595 2573; x_wconf 90' lang='grc' dir='ltr'>Ρ.</span> <span class='ocrx_word' id='word_1_236' title='bbox 642 2530 894 2574; x_wconf 89' lang='lat' dir='ltr'>Antonium</span> <span class='ocrx_word' id='word_1_237' title='bbox 936 2537 1155 2574; x_wconf 87' lang='lat' dir='ltr'>rectorem</span> <span class='ocrx_word' id='word_1_238' title='bbox 1199 2531 1213 2550; x_wconf 50' lang='grc' dir='ltr'>Ξ</span> <span class='ocrx_word' id='word_1_239' title='bbox 1253 2545 1308 2574; x_wconf 93' lang='lat' dir='ltr'>ex</span> <span class='ocrx_word' id='word_1_240' title='bbox 1356 2528 1686 2572; x_wconf 89' lang='lat' dir='ltr'>consuetudine</span> 
     </span>
     <span class='ocr_line' id='line_1_30' title="bbox 61 2605 1686 2662; baseline 0.001 -15"><span class='ocrx_word' id='word_1_241' title='bbox 61 2605 110 2648; x_wconf 92' lang='lat' dir='ltr'>P.</span> <span class='ocrx_word' id='word_1_242' title='bbox 135 2605 312 2661; x_wconf 89' lang='lat' dir='ltr'>Ignatij.</span> <span class='ocrx_word' id='word_1_243' title='bbox 341 2606 665 2650; x_wconf 87' lang='lat' dir='ltr'>Marchionissa</span> <span class='ocrx_word' id='word_1_244' title='bbox 686 2607 873 2651; x_wconf 88' lang='lat' dir='ltr'>iuuabat</span> <span class='ocrx_word' id='word_1_245' title='bbox 895 2622 986 2650; x_wconf 94' lang='lat' dir='ltr'>non</span> <span class='ocrx_word' id='word_1_246' title='bbox 1008 2606 1294 2650; x_wconf 90' lang='lat' dir='ltr'>mediocriter</span> <span class='ocrx_word' id='word_1_247' title='bbox 1316 2605 1574 2662; x_wconf 89' lang='lat' dir='ltr'>collegium:</span> <span class='ocrx_word' id='word_1_248' title='bbox 1601 2620 1686 2648; x_wconf 93' lang='lat' dir='ltr'>nec</span> 
     </span>
     <span class='ocr_line' id='line_1_31' title="bbox 60 2681 1685 2739; baseline 0 -16"><span class='ocrx_word' id='word_1_249' title='bbox 60 2687 209 2725; x_wconf 90' lang='lat' dir='ltr'>tamen</span> <span class='ocrx_word' id='word_1_250' title='bbox 230 2682 485 2738; x_wconf 88' lang='lat' dir='ltr'>patiebatur</span> <span class='ocrx_word' id='word_1_251' title='bbox 506 2698 554 2727; x_wconf 92' lang='lat' dir='ltr'>se</span> <span class='ocrx_word' id='word_1_252' title='bbox 576 2698 657 2739; x_wconf 94' lang='lat' dir='ltr'>pro</span> <span class='ocrx_word' id='word_1_253' title='bbox 679 2684 983 2728; x_wconf 87' lang='lat' dir='ltr'>benefactrice</span> <span class='ocrx_word' id='word_1_254' title='bbox 1005 2683 1241 2727; x_wconf 88' lang='lat' dir='ltr'>nominari.</span> <span class='ocrx_word' id='word_1_255' title='bbox 1268 2682 1441 2726; x_wconf 92' lang='lat' dir='ltr'>Concio</span> <span class='ocrx_word' id='word_1_256' title='bbox 1466 2681 1685 2726; x_wconf 83' lang='lat' dir='ltr'>Bernardi</span> 
     </span>
     <span class='ocr_line' id='line_1_32' title="bbox 56 2760 1099 2815; baseline 0.003 -15"><span class='ocrx_word' id='word_1_257' title='bbox 56 2772 115 2800; x_wconf 86' lang='lat' dir='ltr'>ex</span> <span class='ocrx_word' id='word_1_258' title='bbox 137 2765 353 2815; x_wconf 90' lang='lat' dir='ltr'>tempore,</span> <span class='ocrx_word' id='word_1_259' title='bbox 378 2767 464 2803; x_wconf 91' lang='lat' dir='ltr'>etc.</span> <span class='ocrx_word' id='word_1_260' title='bbox 493 2760 708 2804; x_wconf 89' lang='lat' dir='ltr'>Visitaui:</span> <span class='ocrx_word' id='word_1_261' title='bbox 736 2768 843 2804; x_wconf 88' lang='lat' dir='ltr'>vota</span> <span class='ocrx_word' id='word_1_262' title='bbox 866 2768 1099 2804; x_wconf 90' lang='lat' dir='ltr'>renouata.</span> 
     </span>
    </p>

    <p class='ocr_par' dir='ltr' id='par_1_8' title="bbox 149 2836 1679 2893">
     <span class='ocr_line' id='line_1_33' title="bbox 149 2836 1679 2893; baseline 0 -15"><span class='ocrx_word' id='word_1_263' title='bbox 149 2836 218 2878; x_wconf 77' lang='lat'>14</span> <span class='ocrx_word' id='word_1_264' title='bbox 253 2836 357 2890; x_wconf 89' lang='lat' dir='ltr'>Hic,</span> <span class='ocrx_word' id='word_1_265' title='bbox 377 2836 421 2879; x_wconf 92' lang='lat' dir='ltr'>in</span> <span class='ocrx_word' id='word_1_266' title='bbox 452 2837 661 2882; x_wconf 90' lang='lat' dir='ltr'>cubiculo</span> <span class='ocrx_word' id='word_1_267' title='bbox 684 2839 869 2882; x_wconf 89' lang='lat' dir='ltr'>suffulto</span> <span class='ocrx_word' id='word_1_268' title='bbox 891 2837 1052 2881; x_wconf 89' lang='lat' dir='ltr'>storeis</span> <span class='ocrx_word' id='word_1_269' title='bbox 1073 2836 1327 2880; x_wconf 86' lang='lat' dir='ltr'>stramineis</span> <span class='ocrx_word' id='word_1_270' title='bbox 1359 2837 1416 2880; x_wconf 87' lang='lat' dir='ltr'>ad</span> <span class='ocrx_word' id='word_1_271' title='bbox 1446 2836 1679 2893; x_wconf 87' lang='lat' dir='ltr'>parietem,</span> 
     </span>
    </p>
   </div>
   <div class='ocr_carea' id='block_1_5' title="bbox 136 2942 498 3046">
    <p class='ocr_par' dir='ltr' id='par_1_9' title="bbox 136 2942 498 3046">
     <span class='ocr_line' id='line_1_34' title="bbox 138 2942 498 2990; baseline 0.008 -14"><span class='ocrx_word' id='word_1_272' title='bbox 138 2943 148 2963; x_wconf 93' lang='lat'>¹</span> <span class='ocrx_word' id='word_1_273' title='bbox 199 2942 271 2977; x_wconf 93' lang='lat' dir='ltr'>Ms.</span> <span class='ocrx_word' id='word_1_274' title='bbox 290 2955 498 2990; x_wconf 81' lang='lat' dir='ltr'>magnam.</span> 
     </span>
     <span class='ocr_line' id='line_1_35' title="bbox 136 3001 450 3046; baseline 0.01 -11"><span class='ocrx_word' id='word_1_275' title='bbox 136 3001 150 3022; x_wconf 78' lang='lat'><strong>²</strong></span> <span class='ocrx_word' id='word_1_276' title='bbox 199 3002 288 3046; x_wconf 89' lang='lat' dir='ltr'>Ms.,</span> <span class='ocrx_word' id='word_1_277' title='bbox 306 3006 450 3038; x_wconf 81' lang='lat' dir='ltr'>rector.</span> 
     </span>
    </p>
   </div>
  </div>
 </body>
</html>
