1958 3210
200 204 246 250 58
770 199 813 236 P.
842 202 1027 237 NATALrs
1053 202 1272 236 EPHEMER.

198 306 559 361 interpretatum.
591 303 769 358 «Quam
792 301 932 358 igitur
955 301 1130 359 (inquit)
1154 302 1393 346 cardinalis
1411 303 1490 346 tibi
1507 303 1830 360 poenitentiam

197 383 459 424 inusserunt
487 382 530 422 ?»
562 387 637 421 «vt
659 380 800 422 semel
825 380 944 421 104
977 379 1151 434 (inquit)
1175 378 1410 424 recitarem
1433 381 1537 425 Aue
1555 380 1741 424 Maria.»
1763 381 1829 424 Ibi

197 457 451 509 cardinalis,
470 456 538 518 vir
552 455 723 499 scilicet
739 454 787 513 [?]
800 455 1023 499 mansueti
1038 455 1254 511 imprimis
1268 455 1438 512 ingenij
1458 464 1504 499 et
1520 457 1677 514 quieti,
1701 457 1829 501 visus

199 543 266 580 est
283 536 525 579 aduersum
550 532 762 576 Pontium
784 532 1098 577 vehementius
1122 533 1411 588 commoneri:
1432 535 1621 590 amplius
1638 534 1749 577 nihil
1770 535 1828 578 ab

197 628 250 655 eo
289 612 443 655 audire
480 610 638 653 voluit:
680 610 814 652 simul
850 609 976 651 illum
1015 623 1117 652 curn
1155 610 1397 652 verborum
1433 611 1704 654 contumelia
1735 626 1828 655 ase

197 689 368 745 abegit.

286 767 414 810 Haec
436 780 575 821 quum
599 765 786 808 referret
815 764 872 806 ad
896 763 1088 806 Paulum
1111 762 1364 816 cardinalis,
1391 764 1578 807 miratus
1601 765 1823 820 pontifex,

196 844 329 900 signo
350 842 497 886 crucis
534 857 582 885 se
620 840 829 893 muniuit,
856 839 984 895 quasi
1016 839 1209 882 hominis
1241 840 1504 883 caecitatem
1542 841 1658 885 serio
1696 857 1829 885 auer—

196 927 323 963 satus
350 922 378 963 ¹.
410 920 416 977 Ι

285 997 383 1041 Visi
405 1011 562 1040 sumus
584 1012 609 1040 e
632 995 813 1038 turbine
834 994 1122 1038 bobadillano
1139 1002 1184 1039 et
1207 994 1425 1051 pontiano
1448 995 1700 1049 emersisse,
1721 1011 1825 1040 nam

199 1075 429 1119 remiserat
452 1074 539 1117 iam
568 1079 790 1117 arrestum
828 1073 841 1093 ²
882 1078 1086 1115 nostrum
1116 1072 1336 1128 pontifex,
1363 1087 1415 1115 ac
1442 1073 1635 1117 liberum
1658 1074 1825 1118 fecerat

197 1168 253 1196 ex
279 1154 388 1196 urbe
411 1166 558 1208 posse,
584 1165 717 1205 quem
735 1150 970 1201 vellemus,
997 1149 1190 1203 mittere;
1211 1157 1372 1194 euntes
1390 1150 1524 1194 etiam
1549 1164 1629 1194 Ioo
1654 1161 1694 1196 Δ
1727 1150 1824 1194 via-

199 1231 287 1274 tico
309 1230 488 1272 iuuerat
510 1230 544 1271 ³.

284 1308 450 1352 Missus
472 1314 541 1351 est
563 1306 607 1348 in
627 1303 883 1348 Flandriam
900 1304 1146 1357 Adrianus,
1167 1320 1325 1348 verum
1342 1304 1561 1361 priuatus,
1584 1307 1702 1348 facto
1720 1320 1825 1361 pro—

197 1385 377 1428 uinciali
402 1387 452 1428 P.
481 1383 726 1427 Euerardo:
754 1384 980 1425 Veronam
1004 1382 1171 1425 Violas:
1200 1370 1423 1445 Assisium
1448 1382 1653 1436 Pontius,
1679 1382 1826 1425 alieno
1882 1381 1885 1383 ’

196 1470 244 1505 vt
272 1463 510 1506 videbatur
545 1460 715 1504 animo:
753 1459 964 1503 Canisius
993 1461 1049 1502 ad
1085 1459 1327 1516 collegium
1366 1459 1680 1504 wormatiense
1722 1475 1826 1503 cum

197 1540 437 1584 Gaudano:
469 1537 666 1582 Lanoius
695 1536 927 1581 Venetias:
959 1536 1154 1580 Vinkius
1185 1536 1433 1579 Perusiam:
1465 1538 1752 1581 Domenecus
1780 1537 1827 1580 in

196 1617 393 1672 Siciljam
418 1616 450 1659 ⁴.

285 1693 366 1737 Vsi
389 1707 546 1737 sumus
567 1694 755 1749 posthac
782 1692 919 1747 longe
947 1690 1326 1734 commodioribus
1356 1690 1582 1743 Patribus,
1615 1691 1691 1746 qui
1719 1706 1822 1734 cum

198 1771 433 1815 Bobadilla
459 1777 695 1815 senserant
727 1769 983 1824 aliquando.
1023 1770 1080 1811 Et
1108 1776 1258 1812 tamen
1285 1769 1459 1810 nullum
1490 1768 1822 1812 iudilss-'icium

193 1850 369 1894 dixerat
391 1847 570 1904 publice
593 1849 648 1890 de
672 1848 807 1890 rebus
831 1846 998 1889 nostris
1024 1846 1208 1889 Paulus:
1236 1846 1384 1888 adhuc
1426 1846 1681 1889 retinebant
1713 1861 1823 1889 con-

193 1926 472 1978 stitutioneS,
498 1932 584 1968 etc.
625 1924 876 1967 cardinales
914 1937 1155 1966 reomanus
1177 1929 1222 1966 et
1256 1922 1493 1966 tranensis.
1538 1923 1770 1967 Petierant
1799 1939 1825 1966 a

196 2007 332 2047 Patre
355 2002 522 2046 vicario
549 2009 598 2044 vt
621 2002 815 2057 aliquem
838 2001 1085 2053 mitterent,
1113 1999 1189 2055 qui
1211 1999 1319 2056 ipsis
1341 2000 1514 2056 legeret
1535 2000 1825 2043 constitutio—

192 2096 288 2135 nes,
314 2088 360 2125 et
381 2080 419 2124 si
442 2080 550 2136 quid
573 2079 657 2136 ipsi
680 2086 896 2136 rogarent
918 2078 1226 2134 responderet.
1249 2079 1299 2121 P.
1328 2078 1535 2121 Natalem
1560 2077 1679 2120 misit
1702 2078 1825 2120 vica-

191 2159 301 2201 rius.
322 2157 475 2201 Huius
492 2157 746 2200 libertatem
764 2158 835 2199 vel
858 2156 992 2199 etiam
1015 2155 1402 2211 importunitatem
1430 2169 1521 2197 non
1545 2155 1693 2198 ferens
1732 2162 1824 2197 tra—

191 2235 361 2288 nensis,
387 2234 531 2278 noluit
554 2234 745 2290 amplius
766 2234 935 2277 habere
957 2234 1184 2276 lectorem.
1217 2231 1223 2289 Ι

283 2314 473 2356 Eramus
502 2309 729 2366 tranquilli
757 2309 962 2365 quidem,
996 2324 1087 2352 non
1124 2310 1295 2363 absque
1331 2307 1617 2352 solicitudine
1653 2315 1820 2352 tamen.

193 2390 397 2433 Tandem
413 2388 623 2434 restituta
639 2394 746 2431 sunt
760 2386 890 2429 nobis
905 2386 1116 2442 diploma,
1133 2384 1495 2437 constitutiones,
1514 2385 1663 2428 omnia
1679 2385 1822 2442 scrip-

192 2475 254 2519 ta,
280 2482 397 2522 quae
420 2472 663 2510 vocauerat
694 2466 750 2508 ad
766 2478 955 2509 examen
990 2464 1175 2506 Paulus.
1212 2461 1334 2506 Nihil
1362 2461 1609 2504 damnauit:
1646 2469 1822 2505 tantum

193 2545 423 2599 agendum
446 2542 625 2586 fortasis
649 2543 743 2586 fore
765 2542 822 2586 de
845 2542 983 2583 choro
1020 2539 1168 2582 innuit
1206 2539 1443 2582 tranensis.
1472 2538 1560 2582 Hic
1600 2539 1684 2582 fuit
1720 2538 1823 2582 finis

193 2622 415 2664 tumultus
437 2621 631 2663 duorum
653 2619 832 2662 illorum
852 2620 1053 2661 Patrum.
1076 2616 1165 2660 Vbi
1183 2630 1346 2672 operae
1363 2616 1564 2671 precium
1583 2624 1652 2659 est
1668 2617 1824 2660 mode-

191 2698 537 2741 lssssrationem
574 2696 814 2742 Societatis
847 2694 1075 2751 suspicere
1108 2701 1244 2748 atque
1276 2693 1576 2737 clementiam.
1626 2694 1748 2737 Nihil
1780 2693 1828 2736 in

267 2843 276 2862 ⁴
328 2840 587 2883 SACCfflNUs,
606 2841 682 2875 loe.
707 2839 791 2883 cit.‚
812 2850 850 2873 n.
868 2837 932 2873 86.

263 2902 276 2921 Ξ
327 2899 396 2934 Sc.
419 2899 620 2934 decretum
638 2909 687 2933 ne
705 2898 828 2933 Roma
845 2895 1110 2932 discederent.

263 2960 276 2980 ³
327 2959 585 3004 SAccr-nNus,
603 2959 677 2993 loe.
697 2957 788 3002 cit.‚
807 2969 844 2992 n.
867 2957 929 2991 86.

262 3020 276 3040 Δ
329 3018 587 3063 SAccnmus,
606 3018 679 3053 loe.
699 3016 789 3060 cit.‚
810 3028 848 3051 n.
869 3015 927 3060 87.
