1958 3210
795 123 1015 158 APPENDD(
1208 136 1212 139 >
1645 118 1714 163 625

87 233 265 269 nostros
289 225 418 267 ualde
440 226 665 280 probatas,
690 225 735 266 in
753 223 917 280 quibus
940 229 1090 265 narrat
1121 228 1166 265 et
1188 221 1381 278 explicat
1403 218 1635 262 historiam
1664 232 1716 261 ac

86 284 345 328 institutum
369 284 623 327 Societatis.
744 323 746 325 .

264 344 363 398 Ego
392 342 506 386 inter
535 345 617 385 hos
655 344 819 385 fluctus
851 348 896 385 et
928 348 1089 383 ventos
1121 340 1236 383 male
1265 337 1449 394 nauigo,
1477 336 1717 391 minusque

91 401 228 445 animi
265 401 409 445 sentio
439 403 494 444 ad
520 401 844 445 catechismum
873 400 1214 443 absoluendum.
1248 397 1452 440 Tridenti
1480 397 1596 439 forte
1617 396 1718 452 plus

88 462 359 513 efficeretur,
386 468 463 503 aut
495 463 615 516 apud
645 463 697 503 Ρ.
730 460 935 503 Natalem
964 461 1048 501 hoc
1077 473 1213 513 opere
1241 456 1525 499 conficiundo
1557 457 1590 496 ¹.
1628 455 1718 499 Sed

91 534 250 576 parum
273 520 409 563 refert
432 519 539 574 quid
576 520 681 562 huic
718 519 831 561 libro
869 517 1065 570 eueniat,
1098 518 1234 559 modo
1264 516 1389 558 salua
1411 514 1467 557 sit
1491 513 1719 557 Ecclesiae

90 578 346 634 synodique
368 593 503 621 causa
525 580 594 620 ⁹²...

829 737 915 779 XV
948 737 986 782 (c

953 783 959 791 x

631 837 674 871 B.
705 835 906 871 PETRUS
933 833 1178 870 CANISIUS

463 927 604 956 PATRI
654 926 1022 957 CHRISTOPHORO
1064 926 1126 955 DE
1166 925 1349 954 MADRID

565 1002 838 1057 Oeniponte,
871 1013 919 1054 17
937 1000 1059 1057 Junii
1084 1001 1192 1054 1563
1212 1001 1244 1046 ⁵.

663 1091 723 1125 De
742 1090 907 1136 collegio
925 1089 1152 1136 dilingano.

261 1170 400 1212 Recte
423 1168 556 1212 faciet
584 1166 821 1210 cardinalis
850 1173 1148 1221 augustanus,
1174 1165 1211 1207 si
1234 1163 1419 1207 consilia
1441 1177 1523 1205 sua
1545 1163 1602 1206 de
1623 1163 1717 1204 col—

92 1227 212 1284 legio
234 1227 490 1283 dillingensi
513 1226 828 1269 constituendo
852 1225 989 1268 semel
1011 1225 1235 1267 absoluat.
1264 1225 1378 1266 Nam
1398 1221 1717 1277 tempestiuum

92 1288 225 1329 modo
249 1287 424 1330 videtur
449 1301 563 1342 quae
587 1285 789 1329 uenturis
818 1293 950 1328 erunt
979 1283 1190 1326 fratribus
1219 1281 1472 1326 necessaria
1499 1280 1642 1324 coemi
1666 1294 1717 1322 ac

92 1346 361 1402 praeparari,
402 1346 620 1400 siquidem
657 1344 717 1386 illi
748 1352 852 1387 ante
880 1345 1086 1399 hyemem
1124 1342 1483 1398 proficiscentur.
1523 1342 1592 1383 Ac
1621 1346 1716 1381 tum

90 1420 206 1461 Opus
228 1405 311 1448 erit
333 1405 378 1448 in
401 1405 552 1461 primis
574 1403 827 1460 praesentia
851 1405 902 1445 P.
930 1402 1118 1455 Natalis,
1145 1409 1194 1443 ut
1216 1400 1324 1442 mihi
1347 1415 1453 1443 sane
1482 1398 1713 1442 videtur...

815 1570 922 1612 XVI
956 1569 996 1624 <a

891 1669 919 1707 ι

559 1767 602 1801 P.
632 1764 869 1812 JOANNES
898 1764 968 1798 DE
994 1760 1246 1799 POLANCO

733 1854 782 1877 ex
800 1840 1072 1876 commissione

477 1935 618 1964 PATRI
651 1931 1022 1963 CHRISTOPHORO
1055 1930 1117 1960 DE
1150 1929 1333 1958 MADRID

566 2008 786 2061 Tridenti,
829 2020 877 2061 17
905 2006 1029 2064 Junii
1067 2006 1175 2059 1563
1210 2005 1245 2045 4.

311 2100 371 2135 De
398 2100 600 2134 Vincentio
622 2098 791 2143 Laureo,
812 2097 959 2131 medico
977 2094 1200 2130 cardinalis
1210 2091 1493 2139 ferrariensis.

185 2178 378 2233 Quando
401 2178 443 2220 el
464 2177 671 2219 cardenal
693 2176 749 2218 de
771 2176 806 2217 F
810 2188 958 2218 errara
973 2173 1124 2227 llegue
1142 2175 1167 2212 a
1184 2172 1342 2220 Roma,
1363 2169 1423 2211 V.
1453 2169 1510 2210 R.
1538 2165 1716 2208 aduier-

96 2245 158 2289 ta,
184 2251 271 2292 que
292 2241 318 2279 a
350 2239 414 2279 M.
448 2236 679 2279 Vincenzo
710 2236 903 2285 Laureo‚
927 2231 1102 2274 medico
1134 2244 1263 2284 suyo,
1286 2243 1373 2283 que
1394 2241 1451 2282 ya
1473 2227 1516 2267 10
1540 2226 1614 2266 fue
1646 2224 1718 2267 del

95 2296 305 2339 cardenal
327 2297 524 2347 Torn6n,
550 2295 606 2336 de
627 2295 775 2336 buena
792 2291 1024 2342 memoria,
1044 2291 1085 2333 le
1103 2295 1331 2330 muestren
1349 2301 1405 2341 ay
1420 2301 1477 2328 en
1495 2298 1597 2326 casa
1615 2284 1718 2325 toda

95 2354 418 2398 beneuolencia
440 2370 467 2409 y
490 2353 718 2405 charidad,
745 2366 914 2408 porque
936 2350 1074 2392 cierto
1097 2363 1144 2391 se
1166 2348 1209 2389 10
1237 2347 1450 2389 deuemos
1473 2344 1652 2394 mucho;
1689 2357 1717 2396 y

94 2416 133 2457 e]
158 2429 206 2457 es
230 2421 304 2456 tan
327 2414 526 2456 honrado
549 2428 577 2467 y
602 2412 819 2464 uirtuoso,
845 2424 932 2465 que
954 2410 1009 2451 de
1031 2421 1143 2462 suyo
1177 2407 1219 2448 10
1241 2418 1436 2448 merece.
1481 2403 1622 2445 Como
1645 2415 1719 2443 se—

96 2488 249 2528 pamos
272 2487 359 2528 que
382 2487 430 2516 es
452 2487 507 2527 ay
529 2472 723 2528 llegado,
749 2485 806 2526 yo
829 2471 871 2513 le
889 2467 1119 2513 escriuire.

166 2605 174 2624 ¹
226 2601 325 2636 Vide
345 2602 458 2648 epist.
479 2600 562 2646 336,
583 2613 621 2635 n.
643 2610 676 2635 2.

160 2652 174 2671 ⁴³
225 2650 283 2684 Ex
301 2650 552 2695 autographo,
573 2648 612 2683 in
632 2648 760 2694 Epist.
783 2645 954 2688 canisii,
974 2644 1007 2688 Ι,
1030 2650 1094 2686 119
1115 2640 1213 2683 (305,
1232 2638 1331 2682 306).
1407 2683 1414 2690 ·

159 2698 173 2718 ³
222 2697 280 2731 Ex
299 2698 524 2743 archetypo,
543 2696 583 2731 in
602 2696 730 2742 Epist.
755 2692 926 2737 Canisii,
946 2691 978 2736 Ι,
1001 2697 1067 2724 120
1088 2688 1199 2734 (307).
1226 2685 1326 2720 Vide
1353 2688 1468 2730 epist.
1491 2682 1574 2726 322,
1594 2679 1663 2724 329
1683 2685 1723 2715 et

89 2743 533 2837 appfncifizxail‘chetypo,
560 2789 598 2825 in
632 2788 726 2824 Cod.
757 2787 880 2829 PLB,
912 2783 1056 2830 duplici
1087 2782 1168 2827 fol„
1206 2780 1270 2824 146
1296 2779 1356 2824 (99
1382 2777 1434 2824 v).
1464 2776 1562 2812 Vide
1594 2785 1724 2821 supra,

97 2849 186 2884 pag.
207 2846 290 2883 297,
309 2850 347 2875 n.
369 2847 405 2873 2.
