1958 3210
253 221 317 266 184
805 221 953 254 EPIST.
982 219 1025 252 Ρ.
1054 218 1321 264 NADAL—242

248 324 338 365 fine
360 324 442 364 che
465 320 502 363 si
520 320 735 376 pretende
759 334 891 363 serua
907 320 948 362 la
967 319 1289 372 satisfactione,
1315 321 1445 375 quale
1465 320 1600 365 etiam
1619 328 1847 365 mostraua
1867 324 1879 346 ¹

248 398 478 454 singulare
511 397 540 438 il
574 396 785 440 cardenal
817 395 861 437 di
895 397 1085 440 Lorena.
1114 397 1289 452 Questa
1318 397 1506 440 mattina
1529 398 1558 439 l'
1583 399 1735 441 hanno
1757 398 1882 442 chia—

247 482 366 517 mato
390 475 456 516 fra
479 472 644 529 puochi
668 473 871 529 deputati
894 488 974 529 per
999 473 1312 516 accommodar
1329 475 1470 530 (come
1488 474 1636 530 credo>
1654 474 1684 516 11
1702 476 1878 529 63110111,

245 558 290 595 61
313 551 381 593 610
404 553 489 594 che
511 549 548 592 si
571 553 628 594 ha
651 551 706 592 de
731 550 962 605 publicare
985 550 1104 594 nella
1127 549 1344 605 prossima
1374 550 1574 595 sessione
1602 551 1633 593 ⁶².
1661 552 1817 608 Hoggi
1847 552 1883 594 si

244 627 515 670 cominciara
548 643 573 670 a
607 634 791 670 trattare
825 628 941 669 della
975 626 1232 679 residentia,
1269 635 1313 671 et
1353 634 1476 670 tanta
1510 629 1644 672 fretta
1678 628 1882 684 potriano

243 706 352 749 dare
369 704 414 746 in
431 703 672 760 expedirsi,
694 706 779 746 che
797 718 875 760 per
893 704 923 745 il
941 704 1101 760 giorno
1121 704 1359 760 designato
1382 705 1487 749 delli
1512 716 1560 758 17
1579 706 1652 749 del
1675 712 1883 761 presente

243 781 281 824 si
304 781 470 838 potessi
497 782 588 824 fare
612 783 654 823 la
678 781 896 833 sessione,
924 783 1008 824 che
1032 784 1132 824 sara
1155 781 1199 823 di
1224 796 1312 837 qua
1335 797 1360 824 a
1382 789 1477 824 otto
1499 783 1543 824 di
1567 783 1598 825 ⁵.

337 871 378 901 2.
446 860 494 900 In
518 860 660 901 Roma
689 857 814 900 molti
844 857 948 902 delli
980 857 1121 900 nostri
1154 865 1316 901 stanno
1339 858 1517 901 amalati
1540 860 1597 902 da
1624 866 1783 914 questo
1806 874 1882 902 ca-

244 943 379 989 tarro,
407 950 534 979 come
557 938 702 979 anche
726 937 842 979 nelle
865 937 977 979 altre
1000 937 1148 979 bande
1170 937 1226 978 de
1249 935 1373 979 Italia
1397 936 1547 992 afflige
1570 936 1697 979 molti
1726 944 1884 991 questa

243 1012 492 1066 influentia,
520 1020 563 1056 et
587 1013 711 1056 molti
736 1013 929 1056 moiono.
957 1015 1130 1058 Perche
1160 1013 1324 1056 dicono
1354 1015 1438 1057 che
1466 1013 1531 1056 sia
1557 1028 1645 1056 una
1667 1013 1817 1069 specie
1838 1013 1883 1055 di

245 1098 387 1146 peste,
413 1098 457 1134 et
480 1090 511 1132 li
536 1089 697 1134 medici
721 1091 1048 1133 commandano
1072 1090 1308 1147 guardarsi
1331 1105 1460 1134 601116
1478 1091 1522 1132 d'
1543 1089 1756 1133 infirmita
1772 1105 1883 1133 con—

247 1167 437 1223 tagiosa.
476 1169 688 1211 Nessuno
720 1182 804 1223 pur
836 1169 860 1210 6
893 1174 1040 1210 1110110
1072 1167 1177 1210 delli
1201 1168 1358 1220 nostri,
1384 1167 1472 1211 Dio
1502 1168 1700 1221 laudato,
1727 1167 1826 1210 anzi
1849 1167 1886 1210 si

243 1244 407 1287 leuano
440 1244 555 1287 assai
589 1251 755 1299 presto.
794 1246 851 1288 V.
888 1246 941 1287 R.
969 1245 1254 1288 raccomandi
1276 1252 1321 1288 et
1352 1244 1492 1287 faccia
1517 1245 1837 1287 raccomandar
1862 1260 1886 1288 a

249 1369 367 1414 Hugo
386 1369 542 1412 (Sacrae
564 1368 819 1416 Antiquitatis
840 1370 1104 1405 Monumenta.
1125 1369 1294 1415 Stivagii
1321 1377 1425 1414 1725,
1445 1381 1533 1415 pag.
1554 1369 1639 1414 349)
1657 1369 1885 1415 deprompto

251 1428 348 1462 haec
367 1427 432 1462 ait:
457 1428 555 1462 «Die
575 1428 757 1463 Mercurii
773 1439 871 1463 nona
886 1428 1161 1464 Decembris...
1178 1440 1199 1462 a
1214 1428 1374 1463 meridie
1390 1430 1559 1474 Jacobus
1575 1428 1731 1472 Lainez,
1748 1427 1884 1474 Hispa-

251 1499 339 1532 nus,
360 1487 603 1533 praepositus
622 1488 818 1533 generalis
838 1487 1046 1523 Societatis
1066 1489 1161 1534 Jesu
1185 1488 1298 1533 dixit,
1319 1488 1387 1522 sed
1409 1500 1485 1522 non
1504 1487 1710 1522 admodum
1736 1487 1886 1522 satisfe-

244 1546 337 1581 611.»
354 1547 412 1581 113
430 1547 704 1593 compendium
723 1548 813 1582 hoc.
838 1548 969 1594 Ipsum
985 1559 1077 1582 vero
1092 1547 1255 1582 diarium
1271 1547 1465 1593 integrum
1481 1560 1502 1582 a
1518 1547 1720 1592 Dollinger
1735 1546 1882 1581 editum

244 1606 447 1651 (Bericlzte
464 1608 547 1641 und
570 1607 821 1654 Tagebiiclzer
836 1619 909 1642 zur
927 1607 1123 1642 Gesclzz‘ste
1139 1608 1204 1642 des
1223 1606 1379 1642 Concils
1393 1619 1469 1642 von
1490 1607 1642 1648 Trient‚
1660 1607 1710 1652 II,
1729 1609 1814 1651 224)
1833 1606 1885 1641 ita

244 1677 400 1711 prorsus
420 1667 549 1700 habet:
574 1666 671 1701 «Die
692 1666 918 1702 Mercurii...
939 1678 960 1701 a
980 1666 1141 1701 meridie
1158 1668 1326 1712 Jacobus
1346 1667 1489 1701 Lainez
1507 1666 1619 1710 dixit,
1636 1666 1704 1700 sed
1723 1677 1882 1711 pauca.»

245 1726 357 1770 Quae
376 1725 533 1771 quidem
553 1725 715 1760 mutatio
735 1737 810 1761 non
829 1738 921 1761 casu
940 1726 1041 1761 facta
1061 1726 1182 1761 fuisse
1203 1726 1370 1771 videtur,
1391 1725 1618 1772 praesertim
1638 1725 1671 1759 si
1686 1737 1775 1771 prae
1794 1736 1880 1759 ocu-

243 1785 292 1819 lis
311 1785 528 1820 habeantur
544 1773 752 1820 diuturnae
771 1786 1062 1820 controversiae
1082 1792 1121 1820 et
1136 1786 1311 1832 opposita
1326 1785 1467 1831 studia,
1483 1797 1581 1832 quae
1601 1785 1640 1820 in
1654 1784 1749 1819 duas
1764 1784 1882 1830 potis-

242 1844 384 1879 simum
405 1849 534 1890 partes
554 1844 784 1879 scindebant
803 1850 932 1891 patres
951 1850 990 1880 et
1009 1846 1210 1890 theologos
1230 1844 1475 1888 tridentinos,
1498 1857 1546 1879 ex
1565 1856 1639 1891 qua
1657 1843 1882 1890 opinionum

243 1903 473 1938 diversitate
493 1904 690 1938 oriebatur
709 1904 827 1939 etiam
846 1904 1054 1939 diversitas
1074 1909 1113 1938 et
1137 1904 1330 1950 oppositio
1345 1903 1599 1950 judiciorum,
1619 1915 1717 1950 quae
1742 1903 1789 1937 de
1808 1902 1884 1937 dis-

240 1962 520 1997 sertationibus
540 1962 780 2008 singulorum
804 1963 984 2010 utrinque
1000 1963 1310 2009 proferebantur.
1331 1964 1394 1998 Nil
1414 1964 1531 2009 igitur
1547 1963 1683 1998 mirum
1699 1962 1731 1997 si
1747 1967 1881 1996 votum

241 2021 366 2055 Patris
386 2021 547 2065 Lainez,
569 2021 671 2068 quod
690 2033 711 2056 a
732 2022 863 2057 multis
882 2034 955 2057 ceu
974 2022 1160 2057 eximium
1180 2024 1276 2069 opus
1291 2023 1488 2058 laudatum
1509 2023 1597 2068 fuit,
1616 2022 1701 2057 aliis
1720 2021 1882 2056 fortasse

241 2080 368 2116 minus
387 2080 627 2116 satisfecisse
648 2081 775 2116 visum
795 2081 925 2117 fuerit.
946 2083 1030 2116 Hoc
1055 2087 1186 2116 autem
1209 2082 1350 2117 clarius
1370 2082 1519 2129 patebit
1543 2082 1576 2117 si
1600 2082 1639 2117 in
1658 2081 1882 2116 memoriam

238 2140 396 2175 lectoris
416 2140 481 2175 illa
499 2142 619 2175 verba
638 2141 804 2175 Paleotti
824 2141 1070 2185 reducamus,
1086 2142 1227 2188 quibus
1253 2147 1396 2176 statum
1423 2153 1467 2176 ac
1485 2141 1780 2188 dispositionem
1800 2140 1881 2175 ani-

241 2210 391 2233 morum
410 2199 457 2233 ad
479 2199 594 2234 finem
616 2205 693 2234 tam
715 2200 885 2246 prolixae
904 2200 1160 2235 discussionis
1180 2206 1266 2246 post
1286 2206 1417 2235 votum
1438 2200 1563 2235 Patris
1582 2200 1725 2234 Lainez
1739 2199 1881 2234 descri-

245 2257 316 2302 bit3
336 2257 390 2293 ait
409 2258 526 2293 enim:
550 2259 647 2293 «Hic
665 2259 842 2294 dicendis
861 2259 1070 2294 sententiis
1095 2260 1198 2303 finis,
1224 2271 1323 2306 quae
1347 2271 1435 2294 cum
1460 2259 1629 2294 omnium
1654 2259 1736 2294 fere
1753 2269 1880 2303 aures,

241 2323 323 2352 tum
344 2318 581 2364 prolixitate,
602 2323 684 2353 tum
710 2318 788 2354 acri
813 2318 1096 2365 disceptatione
1115 2319 1330 2365 defatigata
1355 2319 1626 2366 reliquissent,
1645 2319 1775 2353 variae
1794 2318 1882 2352 sub—

240 2375 330 2412 inde
349 2377 444 2411 haec
463 2376 716 2423 dijudicandi,
736 2389 781 2412 ac
806 2382 954 2413 temere
973 2379 1047 2413 alia
1066 2384 1182 2425 atque
1202 2378 1276 2413 alia
1296 2378 1518 2425 suspicandi
1537 2378 1801 2424 compluribus
1820 2388 1882 2412 oe-

237 2436 435 2471 casionem
453 2437 764 2481 praebuerunt.»
780 2437 988 2484 THfflNER,
1003 2439 1074 2472 106.
1090 2438 1161 2473 cit.
1174 2467 1182 2483 ,
1199 2439 1251 2483 II,
1270 2438 1353 2472 610.
1371 2437 1433 2473 Cf.
1450 2437 1775 2484 GRISAR,]acobi
1791 2436 1882 2472 Lai-

239 2506 353 2530 nez...
384 2496 676 2542 disputationes
707 2497 973 2538 tridentinae,
1007 2497 1023 2531 I
1041 2525 1050 2543 ,
1081 2498 1148 2542 72*
1165 2518 1208 2522 —
1223 2497 1291 2541 76ἦε
1309 2507 1317 2541 ;
1350 2498 1624 2533 PALLAV1C1N1
1643 2525 1651 2543 ,
1682 2497 1757 2531 loe.
1795 2495 1878 2540 cit.,

241 2553 308 2588 lib.
326 2554 431 2600 XIX,
451 2566 537 2601 cap.
557 2555 594 2601 6,
613 2567 656 2590 n.
679 2555 715 2599 63
743 2561 783 2590 et
807 2557 1164 2602 BRAUNSBERGER,
1192 2557 1265 2591 loc.
1291 2556 1374 2601 cit.,
1401 2556 1471 2600 III,
1490 2557 1573 2602 565,
1599 2556 1682 2600 5663
1708 2555 1881 2601 aliosque

238 2619 417 2648 auctores
438 2613 584 2649 ibidem
600 2615 791 2660 allegatos
802 2642 810 2650 .

313 2672 323 2692 ¹
375 2673 502 2717 Prius,
521 2674 556 2708 si
574 2677 800 2717 mostraua;
817 2674 909 2709 dein
932 2675 1189 2709 cancellatum
1208 2676 1259 2710 si.

310 2735 323 2753 ‘-‘
376 2732 553 2778 «Legati,
573 2733 633 2768 his
651 2734 822 2780 acceptis
849 2734 920 2780 [sc.
946 2733 1097 2769 duobus
1122 2735 1336 2770 canonibus
1361 2747 1383 2770 a
1405 2733 1600 2770 cardinale
1625 2733 1877 2780 Lotharingio

239 2791 481 2837 compositis,
503 2803 621 2839 «quos
653 2805 701 2828 ex
720 2792 921 2840 utriusque
945 2792 1065 2840 partis
1083 2794 1278 2829 sententia
1302 2793 1453 2829 futuros
1481 2793 1650 2840 speratn]
1676 2798 1879 2828 accersunt

241 2849 373 2885 statim
393 2851 700 2898 Hydruntinum,
719 2853 998 2898 Reginensem,
1018 2852 1339 2899 Lancianensem,
1359 2853 1596 2899 Vestanum,
1616 2852 1879 2887 Neocastren·

237 2920 337 2955 sem,
358 2910 515 2954 Lainez,
535 2910 769 2958 auditorem,
789 2911 1033 2955 advocatum,
1053 2918 1332 2958 promotorem,
1359 2913 1590 2959 illorumque
1619 2911 1668 2946 de
1693 2910 1752 2946 his
1774 2909 1877 2957 judi-

232 2967 338 3003 cium
359 2969 613 3015 exquirunt.»
633 2972 691 3006 Ex
712 2971 925 3007 PALEOTTI
943 2971 1055 3017 actis,
1075 2971 1175 3017 apud
1195 2972 1402 3017 THEINER,
1423 2973 1496 3008 loc.
1518 2971 1609 3015 cit.,
1629 2971 1680 3017 II,
1699 2970 1783 3005 611.

312 3027 326 3047 ⁵
378 3026 477 3062 Vide
497 3033 627 3064 tamen
644 3028 748 3065 dicta
767 3030 806 3065 in
824 3029 943 3076 epist.
969 3028 1052 3076 232,
1071 3035 1202 3065 annot.
1220 3029 1260 3066 3.
