1958 3210
643 112 690 172 '16
717 137 933 175 OCTOBRIS
962 139 1051 184 1563
1595 153 1637 189 41
1646 153 1666 189 5

36 238 256 296 preciosa,
280 239 322 281 la
345 239 449 293 qual
471 253 558 281 con
581 246 708 282 tanto
732 255 856 283 amor
877 255 925 284 se
947 241 1153 286 derram6
1176 258 1256 299 por
1278 243 1337 286 mi
1362 244 1507 297 salud,
1533 260 1562 300 y
1586 260 1668 301 por

33 317 77 360 el
99 317 203 372 qual
226 319 404 372 querria
435 331 493 372 yo
521 317 600 359 dar
629 316 689 359 mi
717 317 822 360 bida
850 332 907 361 en
936 333 1036 361 esas
1065 319 1237 372 indias,
1269 322 1585 376 ayudandome
1613 337 1668 366 su

37 394 289 450 Magestad,
309 393 365 437 de
388 393 523 448 quien
547 408 680 437 mana
703 395 809 437 todo
832 395 967 439 deseo
989 396 1155 439 bueno.
1183 398 1251 439 En
1273 398 1339 440 los
1357 406 1510 441 santos
1527 399 1667 442 sacri-

35 469 161 512 ficios
183 476 271 514 etc.

124 548 159 590 F
162 549 274 590 echa
291 562 316 590 a
339 546 428 602 xiiij
449 548 504 590 de
523 548 717 601 Otubre‚
743 555 831 592 ano
855 551 910 594 de
932 550 1009 592 mil
1032 550 1190 606 Dinij.
1213 554 1281 595 De
1301 552 1489 607 Murcia.
1510 553 1669 598 Sierbo

122 627 147 667 e
170 623 323 667 indino
346 623 405 680 ijo
428 624 485 668 de
509 625 565 667 V.
595 627 647 667 P.

824 779 995 837 †JUAN
1030 795 1092 824 DE
1125 782 1432 827 SALAMANCA.
1460 782 1489 840 -Ι-

122 857 178 898 In
207 860 374 912 quarta
397 858 601 913 pagina:
627 857 742 901 IHS.
775 858 833 900 Al
863 872 971 913 muy
1001 859 1113 901 Rdo.
1147 873 1205 901 en
1235 859 1416 902 Christo
1447 861 1594 904 Padre
1629 862 1670 905 el

32 934 86 976 P.
114 934 310 976 Mae-stro
334 933 500 986 Nadal,
532 932 747 976 visitador
765 935 952 989 general
969 935 1025 978 de
1043 936 1085 977 la
1103 936 1354 992 Compafiia
1371 937 1428 980 de
1447 938 1562 981 IHS.
1585 944 1667 980 etc.

34 1011 190 1062 Roma,
216 1014 243 1053 ό
265 1010 416 1053 donde
445 1009 687 1054 estuuiere.
720 1011 828 1052 Alia
858 1026 1022 1053 manu:
1058 1013 1182 1067 1563.
1216 1013 1405 1056 Murcia.
1441 1013 1671 1057 Giovanni

30 1087 89 1130 de
111 1087 405 1139 Salamanca,'
426 1100 476 1141 14
499 1087 555 1131 de
578 1087 788 1131 Ottobre.
815 1088 973 1144 Sigillz·
994 1090 1254 1146 vestigium.

785 1253 912 1293 3⁶22

388 1346 531 1385 OTTO
559 1348 865 1384 TRUCHSESS
892 1350 963 1384 DE
991 1350 1300 1386 WALDBURG

452 1442 659 1479 cardinalis
690 1448 730 1479 et
760 1444 966 1491 episcopus
1001 1451 1241 1491 augustanus

273 1540 517 1583 PATRI
566 1526 1063 1584 HIERONYM'O
1114 1543 1395 1586 NADAL

564 1661 624 1690 ET
659 1662 701 1690 Β.
740 1657 899 1691 PETRO‘
929 1662 1123 1692 CANISIO

492 1762 724 1799 MAGAZANl,
756 1753 797 1791 16
824 1762 1033 1790 OCTOBRIS
1064 1754 1153 1799 1563
1185 1759 1207 1790 ¹.

27 1858 62 1885 ι.
92 1850 278 1884 Adventu
308 1850 506 1884 sociorum
533 1852 611 1895 pro
641 1860 742 1884 novo
774 1849 942 1896 collegio
973 1850 1170 1898 Dilingae
1202 1852 1423 1887 inchoando
1450 1854 1666 1899 gaudet.—

97 1919 132 1944 2.
152 1910 277 1944 Aedes
295 1909 393 1954 ipsis
410 1909 614 1943 adornare
632 1909 898 1954 spondet.-3,
915 1919 954 1953 4.
972 1910 1174 1945 Peczmias
1188 1911 1384 1957 librosque
1397 1914 1667 1958 promittit.—

96 1979 131 2012 ς,
160 1968 367 2014 Templum
386 1968 564 2014 amplius
582 1967 800 2014 aedificare
818 1969 1064 2004 statuite-6.
1087 1970 1204 2016 Spem
1231 1971 1372 2005 bonam
1390 1962 1562 2018 foveam?
1587 1975 1669 2008 Pa-

97 2030 178 2062 tres
196 2027 298 2061 nihil
321 2027 418 2073 ipsis
443 2025 788 2073 defuturmn.-7.
818 2026 1003 2073 Capituli
1029 2040 1239 2063 cousensus
1265 2030 1470 2066 obtinendi
1493 2033 1600 2066 viam
1628 2045 1666 2068 se

98 2097 208 2120 nosse
226 2086 299 2120 ait.

122 2182 157 2212 Ι.
254 2168 354 2212 Rdi.
381 2169 424 2210 in
449 2170 569 2224 Xpo.
593 2168 745 2222 Padri,
767 2170 928 2214 fratelli
946 2170 1049 2214 miei
1072 2171 1336 2214 charissimi.
1359 2174 1405 2215 10
1424 2188 1512 2216 non
1532 2189 1664 2229 posso

20 2240 144 2289 -assai
167 2245 420 2302 ringratiar’
447 2245 553 2297 Dio,
579 2247 664 2290 che
686 2246 730 2301 uj
749 2246 886 2289 habbi
911 2247 1022 2290 fatto
1040 2255 1199 2302 questa
1217 2249 1369 2304 grazia
1386 2251 1469 2292 che
1488 2265 1565 2305 per
1581 2265 1664 2293 sua

26 2323 166 2366 bonta
188 2339 213 2367 6
234 2324 277 2365 la
298 2323 470 2366 charita
491 2323 564 2365 (161
589 2325 640 2366 Ρ.
668 2324 849 2379 Laynez
872 2323 997 2366 siano
1020 2324 1177 2368 venuti
1200 2326 1214 2345 ‘²
1240 2333 1380 2380 parte,
1407 2333 1452 2369 et
1469 2334 1594 2381 parte
1618 2327 1663 2370 in

27 2400 102 2443 uia
124 2400 236 2443 tanti
260 2401 274 2421 5
294 2399 426 2451 santi,
448 2407 492 2443 et
510 2399 751 2444 sufficienti
774 2400 961 2453 homini,
982 2415 1061 2457 per
1082 2400 1113 2443 il
1135 2401 1327 2457 collegio
1349 2403 1529 2447 nouello
1546 2404 1663 2448 della

96 2599 104 2617 ¹
156 2597 214 2632 Ex
232 2602 476 2643 transumpto
495 2607 656 2639 coaevo,
676 2608 764 2632 cum
785 2597 1125 2633 emendationibus
1145 2610 1260 2633 manu
1276 2599 1319 2633 P.
1337 2598 1459 2634 Nadal
1475 2601 1660 2645 exaratis,

10 2655 63 2690 .in
83 2655 178 2691 cod.
201 2656 243 2698 L,
264 2656 408 2702 duplici
427 2655 494 2690 fol.
516 2655 561 2699 89
585 2654 779 2707 (89,·345).

91 2717 105 2737 ²
155 2715 267 2750 Prius
286 2727 307 2750 a
326 2715 481 2750 librario
500 2714 687 2760 scriptum
711 2714 785 2750 fuit
804 2717 957 2758 uenuti,
980 2715 1122 2751 deinde
1147 2716 1314 2761 Natalis,
1332 2718 1405 2753 hoc
1436 2718 1557 2754 verbo
1571 2730 1659 2755 can-

21 2775 176 2818 cenato,
208 2787 323 2821 supra
347 2786 504 2810 versum
529 2773 684 2820 scripsit
709 2775 827 2810 tanti.
848 2775 1038 2820 Tandem,
1057 2775 1187 2810 deleta
1211 2776 1281 2811 hac
1299 2776 1587 2825 emendatione,
1619 2779 1658 2815 in

26 2833 198 2880 margine
223 2834 402 2869 restituta
421 2838 482 2869 est
500 2833 604 2880 prior
622 2822 812 2879 scriptura
830 2835 879 2868 ab
897 2834 981 2880 ipso
999 2835 1043 2869 P.
1064 2834 1202 2869 Nadal.

96 2894 110 2914 ⁵
159 2893 356 2929 Librarius
375 2893 583 2940 scripserat
601 2894 746 2936 tenum]
765 2893 849 2939 sed,
868 2895 1098 2940 cancellato,
1117 2895 1188 2930 hoc
1207 2896 1342 2940 verbo,
1361 2895 1404 2932 P.
1425 2896 1547 2933 Nadai
1566 2899 1659 2934 scri-

25 2953 102 3000 psit
119 2965 235 2999 supra
253 2940 372 2988 taniti.
