1958 3210
244 207 291 242 94
806 193 848 226 P.
879 192 1065 227 NATALIS
1093 192 1311 228 EPHEMER.

238 297 324 340 cio.
353 294 581 351 Respondi
600 293 777 336 ciuibus
810 294 867 336 ad
889 292 1054 348 aliqua,
1081 306 1196 348 quae
1229 294 1533 348 postulabant.
1563 293 1782 337 Discessit
1816 297 1868 337 P.

243 373 477 416 Emundus
501 370 834 414 concionatum.

330 448 632 492 Discessimus
656 454 700 491 et
723 461 806 489 nos
826 459 849 500 3
869 459 972 488 cum
993 448 1044 489 P.
1068 445 1313 488 Paschasio
1335 453 1380 490 et
1399 448 1450 489 Ρ.
1473 447 1716 500 Annibale,
1738 461 1871 502 quem

240 527 448 570 volebam
488 524 714 568 Lutetiam
748 537 924 566 mecum
963 522 1135 574 venire,
1171 529 1219 564 vt
1256 522 1346 565 illic
1382 523 1580 567 doceret.
1617 524 1872 567 Audiebam

240 604 361 648 enim
391 618 417 644 a
457 604 508 645 P.
545 600 766 644 Pachasio
796 599 1062 656 aperiendas
1091 599 1181 641 illic
1214 600 1392 642 scholas
1426 602 1459 653 ’ς
1491 600 1601 643 alios
1644 608 1876 656 praeterea
1917 617 1928 633 ’

240 680 581 722 abducebamus
604 693 660 720 ex
683 675 1052 721 turnonensibus

328 756 451 800 Hinc
473 754 573 797 misi
596 754 836 798 Ximenem
865 768 969 796 cum
992 768 1082 796 vno
1107 754 1242 798 fratre
1266 754 1561 809 Lugdunum,
1595 768 1735 810 quum
1757 761 1877 799 esset

244 834 333 876 iarn
357 839 629 888 occupatum
654 832 709 873 ab
732 830 988 883 haereticis,
1021 837 1069 873 vt
1090 831 1200 873 195
1223 829 1442 886 reciperet
1471 843 1557 884 400
1582 831 1775 884 francos,
1802 830 1879 886 qui

243 917 372 953 erant
394 909 524 953 nobis
547 908 813 953 numerandi
838 923 863 950 a
885 915 1136 950 mercatore
1164 908 1359 963 quodam
1388 907 1511 951 italo:
1545 909 1716 963 absque
1738 908 1880 952 detri—

244 995 399 1030 mento
439 987 571 1042 redijt
614 1000 716 1028 cum
767 984 908 1028 literis
956 984 1249 1041 collybisticis
1291 985 1348 1027 ad
1406 992 1699 1028 mercatorem
1758 985 1880 1041 pari-

247 1064 444 1109 siensem
469 1065 500 1107 ².
1886 1058 1890 1061 ⁸

336 1220 452 1262 19ss
668 1232 716 1261 IN
750 1232 949 1261 ITINERE
982 1231 1182 1261 131L10Mo
1215 1231 1458 1261 LUTECIAM

338 1376 478 1417 Erant
501 1374 666 1416 infesta
688 1373 849 1417 itinera
872 1379 1054 1428 propter
1082 1372 1412 1416 haereticorum
1445 1372 1751 1416 rebellionem.
1788 1374 1882 1416 Ve-

246 1452 396 1494 nimus
420 1451 656 1504 Molinum‚
681 1450 758 1492 vbi
782 1464 921 1505 quum
945 1442 1299 1505 intelljgeremus
1322 1463 1548 1492 summum
1576 1463 1676 1492 esse
1703 1448 1882 1506 pericu-

247 1530 342 1572 lum
370 1528 416 1570 in
446 1528 519 1570 via
551 1527 764 1584 parisina,
806 1526 1061 1583 accepimus
1098 1525 1335 1569 consilium
1373 1526 1630 1569 remittendi
1667 1526 1879 1582 reliquos,

248 1612 426 1661 praeter
444 1619 526 1647 nos
551 1618 591 1659 3,
619 1604 696 1660 qui
725 1603 908 1646 omnino
940 1617 1118 1647 eramus
1147 1603 1327 1647 venturi
1351 1605 1407 1646 ad
1436 1605 1486 1646 P.
1525 1604 1801 1659 generalem,
1838 1610 1883 1648 et

252 1685 303 1726 P.
333 1681 644 1735 Paschasium,
671 1681 747 1737 qui
771 1688 866 1725 erat
889 1680 1123 1724 Luteciam
1141 1680 1383 1723 rediturus.
1405 1680 1564 1737 Igitur,
1587 1680 1760 1723 remisis
1777 1680 1883 1725 reli-

251 1759 368 1814 quis,
396 1773 477 1801 nos
505 1758 511 1816 Ι
541 1771 567 1812 4
590 1759 646 1801 ad
669 1758 933 1800 euitandum
952 1757 1217 1813 periculum,
1239 1757 1394 1800 relicta
1411 1764 1533 1801 recta
1554 1757 1627 1800 via
1650 1757 1883 1802 Luteciam

250 1844 296 1880 et
318 1836 499 1889 vsitata,
525 1835 793 1878 diuertimus
815 1836 870 1877 ad
893 1835 1140 1886 dexteram,
1167 1841 1211 1878 et
1235 1834 1318 1877 iter
1347 1834 1535 1878 fecimus
1565 1848 1645 1890 per
1668 1836 1884 1890 Burgun-

247 1913 383 1964 diam,
425 1919 511 1955 etc.
556 1911 801 1955 Periclitati
832 1925 989 1953 sumus
1020 1912 1033 1931 ³
1064 1910 1246 1967 quidem
1279 1911 1324 1953 in
1354 1918 1448 1954 toto
1478 1911 1653 1963 itinere,
1686 1926 1789 1954 nam
1820 1911 1885 1954 cin

252 1990 435 2044 ujtates,
461 1988 640 2044 oppida,
667 1987 772 2044 pagi
795 1994 923 2032 erant
945 1987 991 2029 in
1014 1987 1164 2039 armis,
1191 1995 1353 2043 pontes
1377 1987 1530 2040 leuati,
1551 1988 1679 2044 quasi
1697 1988 1742 2030 in
1764 1987 1887 2030 obsi-
1954 2027 1955 2041 ¹

252 2066 403 2118 dione,
431 2065 761 2109 miserabantur
784 2064 941 2116 nostri,
968 2065 1045 2119 qui
1068 2079 1121 2107 eo
1146 2071 1346 2120 tempore
1373 2065 1590 2109 videbant
1612 2065 1698 2109 iter
1721 2066 1884 2117 facere,

250 2149 296 2187 et
330 2142 510 2197 quidem
535 2142 729 2186 inermes
752 2149 796 2184 et
830 2141 1106 2197 peregrinos.
1144 2142 1236 2185 Sed
1268 2157 1406 2196 quum
1429 2142 1598 2197 vbique
1620 2142 1849 2185 videretur
1871 2141 1887 2162 ⁴

255 2219 491 2262 imminere
513 2219 620 2262 197
648 2233 862 2274 praesens
890 2218 1154 2274 periculum,
1188 2219 1261 2261 illa
1289 2219 1379 2262 duo
1408 2220 1592 2263 fuerunt
1620 2218 1884 2275 singularia:
1954 2274 1955 2278 Ἰ

256 2296 468 2352 primum,
495 2297 676 2352 quando
699 2295 907 2338 venimus
930 2296 986 2337 ad
1009 2309 1192 2351 pagum,
1219 2297 1336 2339 vnde
1365 2297 1500 2352 paulo
1516 2302 1649 2339 antea
1666 2295 1888 2339 discesse—

256 2380 357 2416 rant
380 2373 545 2417 milites
567 2372 798 2416 haeretici.
827 2383 939 2414 2„um
967 2373 1023 2415 ad
1045 2373 1310 2425 Sanctonas,
1338 2373 1414 2414 vbi
1430 2372 1601 2415 exclusi
1619 2373 1712 2416 fere
1729 2379 1885 2426 noctu,

252 2450 400 2493 coacti
423 2464 580 2492 sumus
602 2449 814 2506 prosequi
831 2449 937 2504 jter.
965 2448 1140 2505 Eripuit
1162 2463 1244 2491 nos
1261 2450 1485 2492 Dominus
1503 2450 1558 2492 ab
1576 2449 1786 2492 omnibus
1807 2462 1889 2505 pe-

255 2527 430 2581 riculis,
463 2534 508 2571 et
542 2528 598 2570 ad
628 2527 882 2570 Sanctonas
917 2525 1095 2581 quidem
1127 2524 1284 2583 [duxit]
1326 2542 1404 2582 per
1442 2527 1682 2582 quemdam
1719 2526 1890 2569 bonum
1954 2580 1956 2590 k

252 2618 408 2647 senem
427 2603 688 2660 agricolam,
715 2602 791 2659 qui
814 2601 1129 2646 honestissime
1146 2617 1229 2645 nos
1252 2603 1436 2646 domum
1455 2603 1625 2659 recepit
1641 2602 1836 2659 hospitio
1855 2603 1887 2644 ⁵.

331 2768 341 2786 ¹
395 2765 483 2808 Ms.,
508 2765 697 2799 scholam.

327 2828 340 2846 ²
391 2824 649 2868 SACCHINUS‚
671 2825 743 2858 loc.
760 2823 830 2858 cit.
844 2852 852 2868 ,
871 2835 913 2858 n.
937 2823 998 2858 68.
1026 2823 1088 2858 Nil
1109 2822 1147 2857 in
1168 2823 1236 2858 fol.
1266 2833 1330 2869 195
1350 2836 1387 2859 v.
1408 2824 1594 2871 scriptum
1615 2828 1688 2858 est.

331 2885 345 2903 ³
396 2884 485 2929 Ms.,
504 2895 643 2918 sumus
661 2882 861 2918 iteratum.

330 2945 343 2963 ⁴
394 2943 483 2987 Ms.,
503 2943 729 2978 vederetur.

324 3003 342 3023 ⁵
393 3002 650 3047 SACCHINUS‚
671 3002 743 3036 loc.
765 3001 855 3045 cit.,
875 3012 943 3036 nn.
968 3000 1029 3048 68,
1048 3001 1112 3047 69.
1137 3002 1219 3037 Fol.
1245 3011 1309 3048 197
1329 3015 1366 3038 v.
1387 3014 1526 3049 purum
1544 3005 1738 3038 remanet.
