1958 3210
813 158 903 201 1562
1626 169 1667 205 91

131 260 235 305 Dixi
257 267 305 302 vt
322 259 565 316 ille]Pater,
586 259 641 302 de
666 273 755 314 quo
772 258 918 315 attigi,
941 259 1190 302 Vallisoleti
1209 275 1266 304 ne
1289 260 1528 313 habitaret;
1559 260 1565 317 Ι
1593 262 1673 304 sed

46 342 230 384 Romam
253 336 518 380 mitteretur.
546 336 778 389 Tablares,
804 343 853 378 vt
874 336 1007 391 plane
1031 351 1175 380 mores
1197 336 1295 379 illos
1316 337 1547 382 liberiores
1575 336 1672 395 [de-

47 413 249 472 poneret]
271 420 316 456 et
337 411 561 455 habitaret
583 411 629 454 in
651 411 871 468 collegiis,
904 413 1195 468 obseruaretq
1206 428 1260 457 ue
1289 415 1471 470 regulas
1503 422 1551 457 vt
1579 414 1668 470 alij;

46 489 208 546 alioqui
230 491 417 533 Romam
438 495 487 530 vt
509 488 778 541 mitteretur,
805 489 925 543 quod
944 488 1028 531 fuit
1046 489 1151 532 huic
1169 490 1318 542 saluti,
1339 506 1459 542 nam,
1480 492 1670 534 Romam

13 577 22 583 ”
47 566 221 618 missus,
242 565 330 607 illic
352 572 557 607 mortuus
579 572 648 608 est
670 565 756 620 pie.
785 565 938 608 Alium
961 580 1050 608 non
1080 566 1313 619 miserunt,
1347 568 1468 622 quod
1497 568 1671 611 valetu—

42 643 192 687 dinem
213 648 459 685 excusaret.
487 641 607 684 Huic
630 641 815 696 remjsit,
842 642 1015 697 opinor,
1042 642 1365 698 profectionem
1391 646 1442 686 P.
1470 645 1665 700 Laynez.

130 718 260 771 Dedi,
286 733 376 761 non
402 719 638 774 generales
668 719 813 761 solum
842 718 1160 761 instructiones
1190 719 1557 774 prouincialibus,
1589 723 1667 766 sed

45 795 289 853 peculiares
339 797 347 815 ¹
372 809 453 850 pro
501 795 695 851 singulis
739 795 950 850 negotiis.
998 796 1136 839 Suam
1174 795 1280 838 item
1325 796 1668 842 instructionem

40 871 359 922 commissario,
391 871 500 914 186
522 886 611 927 qua
631 871 909 927 explicabam
933 872 1186 923 facultates,
1213 886 1324 927 quas
1347 881 1466 917 esset
1489 874 1669 917 habitu—

45 962 134 1000 rus,
160 962 273 1003 quae
296 956 451 1003 postea
474 949 657 991 fuerunt
680 947 802 992 visae
825 948 1062 1004 ampliores
1088 950 1137 991 P.
1161 949 1217 991 N.
1242 949 1400 1004 Layni.

129 1024 424 1069 Desiderabat
461 1025 679 1068 Ximenez
732 1032 940 1081 parentes
983 1025 1189 1068 inuisere.
1233 1026 1472 1069 Concessi:
1499 1027 1596 1079 iuit,
1624 1036 1668 1072 et

44 1100 167 1145 venit
201 1102 258 1144 ad
294 1116 366 1145 me
402 1103 802 1158 Cesaraugustam.
844 1102 943 1144 Emi
987 1114 1010 1144 2
1045 1103 1206 1155 mulos;
1248 1117 1386 1157 quum
1424 1118 1539 1146 Vnus
1577 1119 1668 1147 non

43 1179 251 1235 placeret,
292 1178 450 1234 reliqui
488 1178 873 1234 complutensibus
910 1180 1066 1222 eodem
1104 1180 1269 1235 precio,
1305 1187 1350 1223 et
1387 1181 1474 1224 emi
1511 1181 1662 1224 alium.

42 1254 158 1297 Emit
181 1268 204 1310 3
227 1255 446 1300 Ximenez
465 1255 695 1311 Lucronij.
723 1255 922 1299 Omnino
944 1256 1187 1309 consuluit,
1214 1256 1349 1300 immo
1378 1257 1489 1300 vrsit
1518 1259 1666 1301 Arao-

39 1331 137 1375 zius
157 1347 213 1375 ne
235 1347 313 1388 per
337 1332 553 1376 Baionam
581 1332 664 1376 iter
693 1333 902 1385 facerem,
944 1334 1023 1375 sed
1050 1348 1129 1389 per
1153 1341 1328 1377 montes
1352 1336 1583 1389 Pyreneos
1623 1344 1667 1380 et

43 1409 231 1452 Iacham:
258 1409 380 1452 nolui
404 1424 674 1466 repugnare.
707 1410 713 1468 Ι

126 1487 375 1539 Postremo,
402 1487 695 1543 congregatis
714 1487 942 1539 fratribus,
964 1487 1191 1543 publicani
1210 1489 1330 1543 quod
1350 1489 1543 1533 feceram
1562 1504 1665 1545 pro-

40 1562 250 1606 uinciales
267 1571 311 1607 et
327 1564 698 1617 commissarium,
720 1571 826 1617 etc.;
847 1572 908 1617 et,
927 1564 1075 1620 quoad
1091 1564 1233 1621 potui,
1255 1566 1491 1609 conciliaui
1507 1574 1665 1610 aucto-

41 1639 216 1683 ritatem
239 1641 449 1694 Araozio,
471 1649 557 1684 etc.

128 1759 233 1802 187
711 1775 953 1805 CANISARII
979 1763 992 1782 ²

127 1873 191 1915 Eo
215 1873 317 1917 veni
355 1887 459 1916 curn
493 1873 655 1930 Egidio
691 1874 910 1928 Goncale,
953 1874 998 1917 id
1029 1875 1149 1918 enim
1187 1875 1318 1919 enixe
1355 1878 1665 1931 postulauerat

40 1949 283 2002 Marchina,
309 1951 380 2006 cuj
405 1965 497 1993 non
521 1951 727 2006 placebat
754 1950 829 1994 illa
857 1951 970 1995 ratio
992 1952 1256 2008 scripturae,
1283 1968 1398 2009 quae
1420 1961 1516 1997 erat
1546 1955 1663 1997 facta

41 2039 119 2081 pro
145 2026 409 2070 fundatione
447 2027 624 2084 collegij
659 2029 943 2072 conchensis.
977 2031 1149 2073 Mutata
1181 2031 1195 2051 ³
1225 2038 1295 2073 est
1322 2031 1559 2087 scriptura,
1592 2047 1663 2076 re-

41 2108 163 2146 tenta
179 2104 447 2156 substantia,
459 2119 548 2159 qua
564 2104 849 2161 simplicitate
869 2106 1109 2150 Societatis
1124 2108 1316 2151 laetatus
1334 2116 1403 2150 est
1419 2110 1663 2159 vehemen-

39 2184 121 2223 ter.
146 2180 304 2224 Dimisi
327 2181 539 2238 Egidium
567 2196 671 2225 cum
700 2183 922 2226 mandatis
950 2192 999 2226 vt
1023 2192 1143 2228 esset
1185 2186 1450 2229 obseruator
1479 2193 1523 2227 et
1552 2185 1662 2228 scri-

41 2256 169 2300 beret
186 2258 246 2300 ›ad
268 2273 356 2312 me,
382 2259 451 2302 ve]
471 2244 745 2315 generalem.
778 2260 783 2317 Ι

628 2394 1069 2425 CAESARAUGUSTAE

127 2490 190 2532 Ea
211 2499 306 2533 erat
328 2492 400 2535 via
422 2493 478 2535 ad
503 2494 774 2548 Pyreneum.
801 2493 1013 2536 Carolum
1036 2494 1236 2538 intellexi
1253 2494 1439 2536 missum
1458 2495 1514 2536 ad
1536 2509 1658 2546 suos,

39 2579 169 2620 quem
190 2581 277 2623 ego
299 2567 360 2611 ita
377 2568 551 2624 reliqui,
573 2576 620 2611 vt
643 2569 768 2612 illurn
791 2584 882 2612 non
901 2570 1172 2614 dimitterem
1189 2586 1213 2614 e
1232 2570 1473 2622 Societate‚
1495 2572 1575 2614 sed
1592 2571 1663 2613 iu—

36 2641 187 2686 berem
210 2645 329 2700 apud
351 2659 456 2688 suos
479 2645 650 2688 tamdiu
673 2653 808 2699 esset,
835 2648 979 2690 donec
1002 2648 1251 2691 confideret
1269 2662 1317 2690 se
1340 2663 1365 2691 e
1383 2647 1527 2703 capite
1545 2648 1663 2692 bene

36 2718 212 2763 habere.
241 2720 450 2775 Visitaui,
476 2730 562 2766 etc.
589 2723 654 2766 Ibi
678 2723 823 2780 reperi
848 2726 899 2767 P.
926 2726 1286 2777 Domenechum‚
1314 2739 1447 2780 quem
1470 2739 1558 2781 ego
1582 2739 1664 2768 cu-

111 2847 121 2866 ¹
172 2846 261 2892 Ms.,
282 2848 570 2893 peculiaribus.

108 2907 122 2926 2
173 2905 250 2949 Sic3
273 2905 505 2944 Cana-veras
523 2907 568 2951 (?)
584 2909 683 2944 Vide
702 2909 816 2956 epist.
842 2918 922 2956 197,
943 2922 980 2945 n.
1005 2919 1037 2952 23
1056 2915 1094 2945 et
1118 2910 1195 2954 198,
1216 2922 1256 2944 n.
1287 2919 1321 2944 1.

111 2965 124 2984 ⁵
176 2965 263 3010 Ms.,
282 2966 410 3002 Muta.
