1958 3210
186 160 257 185 vm
648 148 901 183 PROOEMIUM
928 155 1111 183 SECUNm
1137 155 1364 183 voLUM1N1s

190 251 270 294 tris
292 250 458 294 Lainez
482 257 526 293 et
550 251 602 291 P.
632 248 818 291 Polanci
836 248 1045 300 exaratis,
1067 249 1357 304 depromptae
1374 256 1496 302 sunt,
1518 256 1563 292 et
1580 249 1626 292 in
1644 249 1821 303 codiee,

189 329 274 370 sub
298 341 485 370 numero
511 340 580 380 33,
608 333 663 378 ck,
691 326 750 381 d),
778 325 823 367 in
848 333 968 368 tomo
991 327 1009 367 Ι
1032 326 1274 380 descripto,
1302 334 1607 370 asservantur.

278 405 495 448 Caeterae
528 403 710 445 tandem
739 401 956 457 epistolae
990 402 1219 445 variorum
1249 403 1305 445 ad
1337 405 1387 445 Ρ.
1421 404 1589 455 Nadal,
1623 410 1668 446 et
1696 403 1816 456 illae,

188 497 303 537 quae
326 481 382 524 de
405 480 539 522 rebus
557 480 612 521 ab
631 478 727 534 ipso
746 477 888 533 gestis
907 479 963 520 ad
981 478 1274 533 appendicem
1298 480 1373 534 huj
1382 494 1433 522 us
1449 480 1691 523 voluminis
1713 480 1818 536 rejia

189 558 386 608 ciuntur,
413 558 683 610 archetypae
708 562 756 597 ut
779 554 1038 610 plurimum,
1070 555 1331 609 frequenter
1352 555 1486 598 etiam
1509 558 1819 613 autographae

189 641 310 677 sunt.
337 632 533 684 Videsis,
560 647 674 687 quae
697 632 754 674 de
778 638 871 673 tota
899 632 984 674 hac
1008 630 1123 674 serie
1147 630 1439 687 epistolarum
1468 632 1514 675 in
1542 632 1821 688 praefatione

191 710 392 767 generali
416 709 557 753 totius
580 708 727 765 operis
751 707 961 751 diximus.

285 957 325 987 2.
391 945 701 1000 Epistularum
735 943 1105 999 genus—Quod
1137 944 1193 985 ad
1221 957 1368 999 genus
1397 957 1477 986 seu
1506 950 1713 985 naturam
1742 944 1830 987 ha-

194 1036 293 1064 rum
316 1021 605 1077 epistolarum
630 1020 807 1072 attinet,
838 1019 1032 1062 maxima
1062 1033 1216 1063 earum
1256 1034 1359 1075 pars
1386 1021 1441 1062 ad
1479 1019 1681 1062 intimam
1720 1019 1824 1063 Lai-

194 1098 319 1141 nium
348 1098 464 1142 inter
492 1104 537 1140 et
567 1098 775 1141 Natalem
805 1095 1259 1140 communicationem
1288 1096 1406 1139 circa
1434 1096 1673 1141 Societatis
1702 1097 1829 1153 regi-

195 1190 314 1227 men,
341 1174 581 1231 praecipue
605 1174 650 1215 in
673 1173 933 1225 Germania,
960 1173 1170 1228 pertinet.
1203 1174 1434 1229 Frequens
1466 1173 1674 1228 equidem
1702 1173 1824 1218 litte-

194 1267 345 1295 rarum
389 1251 708 1295 commercium
751 1251 868 1293 inter
910 1250 1216 1306 praepositum
1259 1251 1518 1306 generalem
1568 1250 1825 1305 Societatis,

195 1330 384 1384 ejusque
407 1329 452 1370 in
476 1336 569 1371 tota
591 1327 837 1371 Germania
854 1326 1227 1381 commissarium,
1249 1341 1443 1382 quocum
1462 1327 1729 1384 gravissima
1745 1342 1828 1371 ne-

195 1407 319 1463 gotia
342 1406 619 1457 conferebat,
647 1412 744 1448 toto
768 1405 1057 1461 sesquianno,
1080 1419 1169 1460 quo
1187 1404 1283 1460 ipse
1299 1405 1344 1447 in
1369 1405 1613 1448 tridentino
1636 1405 1827 1448 concilio

195 1483 413 1540 pontificii
436 1483 636 1539 theologi
660 1497 847 1526 munere
876 1483 1168 1538 fungebatur,
1202 1483 1322 1525 haud
1352 1483 1605 1537 spernenda
1626 1481 1828 1526 subsidia

195 1560 408 1603 historiae
445 1559 740 1616 scriptoribus
777 1558 1098 1615 suppeditabit.
1140 1559 1337 1615 Negotia
1375 1558 1559 1615 insuper
1595 1558 1827 1614 potissima

196 1638 426 1694 religionis
457 1645 502 1680 et
533 1637 772 1681 Societatis
795 1636 841 1678 in
871 1636 1034 1689 Gallia,
1070 1636 1297 1689 Flandria,
1324 1636 1559 1692 Hispania,
1593 1636 1826 1680 Lusitania

196 1723 241 1758 et
258 1715 383 1758 Italia
406 1716 666 1770 frequenter
684 1729 786 1757 cum
810 1714 917 1757 viris
939 1713 1139 1770 egregiis
1157 1728 1182 1756 e
1204 1721 1357 1757 nostra
1375 1713 1604 1758 Societate
1629 1714 1698 1756 vel
1721 1727 1828 1756 cum

197 1792 474 1848 principibus
496 1791 813 1836 ecclesiasticis
842 1798 887 1834 et
914 1791 1040 1834 laicis
1070 1791 1114 1833 in
1144 1790 1213 1833 his
1246 1790 1446 1847 epistolis
1475 1797 1822 1847 pertractantur.

197 1869 356 1913 Nuntii
394 1869 655 1925 saepissime
684 1869 1072 1920 intermiscentur,
1104 1869 1176 1911 vel
1204 1869 1260 1911 de
1294 1868 1484 1910 concilio
1513 1867 1824 1919 oecumenico,
1851 1858 1858 1865 ³

197 1948 269 1991 vel
307 1948 362 1990 de
405 1946 677 2002 reipublicae
719 1946 1151 2002 perturbationibus,
1198 1946 1269 1988 vel
1311 1946 1367 1988 de
1410 1945 1740 1989 haereticorum
1784 1946 1833 1987 in

198 2024 444 2066 catholicos
481 2023 668 2076 insidiis,
701 2024 846 2077 bellis,
888 2022 1221 2074 vexationibus,
1255 2022 1448 2078 scriptis,
1488 2021 1676 2077 aliisque
1713 2023 1831 2066 bene

199 2101 351 2143 multis
374 2101 490 2144 scitu
513 2102 643 2156 plane
667 2101 959 2157 dignissimis.

288 2178 419 2221 Aliae
436 2186 542 2220 sunt
559 2185 792 2234 praeterea
810 2178 1000 2229 litterae,
1023 2177 1450 2228 commissariorum,
1466 2175 1825 2232 provincialium,

200 2264 444 2307 rectorum,
473 2256 548 2310 qui
573 2272 627 2300 ex
652 2255 887 2311 Hispania,
920 2254 1169 2306 Lusitania,
1209 2254 1358 2297 Gallia
1389 2261 1434 2296 et
1466 2252 1725 2305 Germania,
1757 2267 1830 2296 res

201 2339 353 2388 gestas
382 2333 621 2384 sociorum,
654 2332 943 2376 difficultates
972 2332 1017 2374 in
1046 2331 1266 2387 regimine
1304 2337 1609 2381 occurrentes,
1645 2329 1828 2385 negotia

201 2411 382 2452 tandem
420 2400 600 2465 majoris
628 2409 845 2453 momenti
882 2409 1032 2452 Natali
1068 2408 1260 2451 subinde
1293 2408 1507 2451 referunt.
1552 2407 1685 2450 Tales
1723 2414 1830 2449 sunt

201 2486 419 2541 epistolae
444 2488 629 2529 Patrum
655 2489 823 2540 Araoz,
846 2485 1034 2530 Oliverii
1058 2485 1273 2537 Manarei,
1295 2484 1469 2528 Nicolai
1486 2484 1708 2539 Delanoy,
1729 2485 1831 2527 An-

203 2562 312 2605 tonii
336 2563 501 2615 Vinch,
522 2564 710 2620 Joannis
740 2565 927 2616 Suarez,
969 2562 1171 2617 aliaeque
1205 2562 1468 2618 permultae.
1502 2562 1622 2605 Inter
1652 2563 1733 2604 has
1760 2576 1832 2604 re-

203 2641 456 2683 censendae
480 2649 646 2693 essent,
674 2656 789 2695 quae
812 2656 837 2684 a
861 2643 913 2684 B.
940 2639 1124 2684 Canisio
1147 2640 1202 2682 ad
1225 2639 1432 2683 Natalem
1455 2639 1587 2681 datae
1609 2640 1695 2681 hoc
1719 2646 1835 2683 tem-

203 2731 312 2772 pore
337 2718 534 2760 fuerunt.
562 2719 663 2761 Illas
687 2726 854 2770 autem,
881 2717 1037 2774 siquae
1060 2717 1105 2759 in
1128 2716 1400 2760 Germaniae
1422 2715 1577 2758 aliisve
1606 2715 1840 2758 tabulariis.

204 2793 415 2845 existant,
457 2795 577 2848 quod
610 2802 731 2837 certe
764 2795 1043 2851 ignoramus,
1085 2795 1140 2836 ab
1170 2792 1347 2836 erudito
1376 2792 1615 2837 Societatis
1653 2799 1837 2837 nostrae
1878 2818 1881 2821 »

202 2870 301 2913 viro
325 2872 376 2913 P.
405 2871 575 2914 Ottone
600 2873 942 2928 Braunsberger
971 2871 1018 2914 in.
1046 2871 1179 2916 tertio
1207 2878 1252 2914 et
1280 2869 1574 2925 sequentibus
1603 2869 1835 2913 collectio-

204 2947 275 2990 nis
297 2947 552 2991 canisianae
574 2948 896 3002 voluminibus,
918 2949 1161 3005 praeclare,
1187 2948 1305 2992 sicut
1328 2947 1373 2990 in
1396 2947 1621 3004 prioribus
1642 2945 1835 3003 praesti-
