1958 3210
257 223 327 267 546
868 219 1004 253 EP1ST.
1031 218 1074 252 P.
1105 218 1254 253 NADAL

259 322 439 366 ordines
462 335 614 363 sacros
637 319 902 375 susceperit.
930 319 1199 374 Respondeo
1227 320 1456 376 negatiue.
1487 333 1557 374 23.
1590 320 1675 363 Fui
1704 322 1893 374 Romae,

260 382 466 431 Genuae,
482 379 783 435 Vlyssiponae
795 388 840 421 et
851 377 1181 433 Conimbricae:
1199 387 1449 435 occupatus
1465 380 1529 421 fui
1546 379 1591 421 in
1609 380 1901 433 coenatione,'

259 440 408 482 culina
431 446 516 482 etc.
545 446 589 482 et
612 438 657 480 in
680 438 842 480 studiis
864 437 1150 480 literarum...
1177 436 1314 495 [sm]
1344 452 1380 481 1.
1407 439 1524 481 Dedi
1553 453 1734 494 operam
1752 439 1898 482 literis

263 500 355 542 fere
371 513 449 553 per
465 497 674 541 vndeciin
692 512 850 549 annos,
867 504 960 538 tum
976 497 1318 540 humanioribus
1335 498 1611 549 dialecticae,
1626 512 1678 540 ac
1692 498 1879 553 philoso-

260 558 408 613 phiae,
441 564 536 599 tum
566 557 702 599 etiam
733 556 992 611 theologiae
1014 570 1066 598 ac
1095 556 1235 600 literis
1268 557 1489 600 hebraeis.
1526 558 1705 612 Incoepi
1743 565 1893 601 autem

260 617 487 667 Schuazii,
510 616 674 659 deinde
691 614 972 670 Ingolstadij,
994 615 1215 667 Viennae,
1237 618 1423 669 Romae,
1443 617 1635 660 Genuae
1651 626 1696 659 et
1715 618 1895 659 tandem

261 676 333 718 hic
358 675 690 719 Conimbricae.
719 676 766 717 In
792 674 1016 730 prioribus
1040 675 1221 729 quidem
1247 676 1391 718 tribus
1414 675 1540 728 locis,
1562 683 1802 730 antequam
1825 675 1896 718 in*

262 749 448 790 gressus
479 749 624 778 essem
654 734 950 786 Societatem;
982 733 1027 775 in
1056 735 1368 789 sequentibus,
1401 742 1637 790 postquam
1664 735 1902 791 ingressus

262 794 592 839 Societatem...
621 806 661 847 7.
690 794 765 836 Ad
788 793 1116 835 licentiaturam
1137 794 1181 835 in
1199 794 1372 837 artibus
1389 794 1462 836 hic
1479 795 1761 837 examinatus
1778 808 1897 848 sum;

265 855 409 896 simne
434 868 542 896 uero
565 853 751 896 meritus
773 866 933 903 necne,
959 852 1135 908 ignoro.
1163 853 1211 909 [1,
1240 855 1340 907 562,
1368 854 1468 911 563]
1930 893 1932 895 ,

359 926 395 955 Ι.
465 913 820 967 Clzristoplzorzts
843 913 1096 968 Zieglerus.
1118 925 1158 955 2.
1181 914 1255 955 Ad
1274 913 1438 966 minus,
1459 915 1609 965 credo,
1632 926 1702 957 20.
1726 926 1766 967 3.
1789 913 1900 956 Sum

264 972 446 1015 natione
464 986 724 1027 germanus,
746 971 977 1027 provincia
990 971 1403 1028 wirtembergensis,
1419 972 1561 1028 patria
1579 971 1899 1028 Stutgardia...

270 1044 335 1074 12.
364 1032 481 1074 Cum
512 1031 742 1074 Ferrariae
770 1030 918 1074 medio
947 1045 1066 1073 anno
1094 1032 1338 1087 degissem,
1370 1034 1558 1075 Romam
1588 1032 1691 1074 veni
1719 1031 1898 1083 missus,

265 1098 310 1133 et
333 1106 359 1133 a
382 1093 435 1133 R.
472 1093 522 1133 P.
557 1091 756 1134 Polanco
785 1097 994 1145 receptus
1023 1097 1068 1134 et
1097 1091 1380 1134 examinatus
1408 1092 1453 1133 in
1490 1093 1624 1134 domo
1662 1090 1906 1135 Societatis.

264 1152 420 1193 Iesu...
461 1163 527 1203 14.
555 1150 628 1193 Ad
653 1150 841 1192 nullum.
877 1160 941 1203 15.
970 1150 1147 1193 Vienna
1170 1165 1399 1206 egressus,
1431 1153 1600 1194 Romae
1629 1150 1909 1195 Societatem.

264 1209 571 1265 ingressurus,
608 1211 643 1252 F
646 1208 838 1251 errariae
870 1208 1053 1251 relictus
1076 1224 1192 1263 sum;
1224 1210 1387 1254 deinde
1416 1212 1603 1254 Romam
1626 1209 1746 1262 veni3
1771 1209 1906 1251 istinc

267 1270 557 1324 Enepontum
579 1266 673 1327 [sic]
702 1269 947 1323 profectus.

367 1341 403 1370 Ι.
430 1330 583 1371 Vocor
609 1329 830 1370 Claudius
848 1328 1099 1370 Metilia-eus.
1123 1340 1159 1370 2.
1181 1329 1357 1384 Viginti
1376 1329 1575 1384 quinque
1593 1343 1735 1371 annos
1752 1334 1902 1370 natus.

273 1402 314 1442 3.
343 1387 539 1431 Natione
557 1387 844 1443 lothoringus
862 1387 974 1444 [sic]‚
1001 1387 1206 1431 tullensis
1223 1388 1471 1432 diocesis...
1500 1401 1560 1431 12.
1583 1389 1786 1444 Quartus
1815 1387 1909 1430 fere

270 1447 522 1490 absolvitur
545 1462 707 1498 annus,
733 1462 787 1489 ex
813 1461 903 1501 quo
926 1447 971 1488 in
994 1446 1267 1490 Societatem
1292 1447 1356 1490 fui
1380 1455 1589 1503 receptus
1611 1464 1636 1491 a
1658 1449 1716 1490 R.
1745 1448 1797 1489 P.
1825 1460 1904 1502 ge-

271 1506 414 1551 nerali
439 1508 609 1550 Romae
632 1506 678 1548 in
696 1507 831 1548 domo
851 1509 1054 1558 Patrum,
1075 1513 1120 1549 et
1137 1507 1419 1549 examinatus
1436 1522 1461 1550 a
1481 1506 1691 1550 Patribus
1711 1506 1911 1549 Polanco

271 1575 316 1610 et
341 1565 616 1609 Madridio...
653 1578 718 1619 14.
745 1567 849 1609 Non
878 1580 977 1607 sum
1010 1567 1067 1608 ad
1095 1566 1290 1621 aliquem
1321 1566 1676 1610 ecclesiasticum
1705 1564 1907 1608 ordinem

271 1633 522 1681 promotus,
559 1636 623 1679 15.
652 1625 736 1668 Fui
760 1625 806 1667 in
828 1625 1020 1681 collegio
1043 1639 1228 1668 romano
1250 1634 1295 1669 et
1318 1626 1598 1669 turnonensi.
1632 1626 1696 1669 16.
1724 1623 1908 1667 Exerci—

273 1685 335 1728 tia
358 1684 609 1740 spiritualia
634 1684 719 1728 feci
742 1698 819 1740 per
849 1685 872 1727 8
902 1685 998 1727 dies
1022 1692 1212 1728 tantum.
1241 1685 1378 1743 [Sela]
1409 1699 1444 1728 Ι.
1471 1687 1731 1740 Antequam
1755 1684 1910 1740 ingre-

271 1746 401 1789 derer
421 1744 714 1796 Societatem,
735 1745 791 1786 ab
809 1744 995 1787 ineunte
1013 1751 1160 1788 aetate
1178 1746 1271 1789 fere
1294 1760 1471 1801 semper
1493 1744 1647 1788 studui
1664 1743 1804 1788 literis
1822 1745 1907 1786 hu-

271 1803 566 1856 manioribus;
589 1803 634 1845 in
658 1803 886 1848 Societate
910 1818 989 1859 per
1006 1816 1034 1857 4
1051 1818 1194 1847 annos
1217 1804 1575 1860 philosophiae...
1603 1805 1644 1847 6.
1672 1805 1840 1846 Romae
1862 1801 1908 1844 in

272 1863 469 1919 collegio
492 1862 733 1907 Societatis
755 1864 812 1905 ad
835 1864 1026 1919 gradum
1050 1863 1299 1919 magisterii
1322 1879 1348 1907 a
1373 1866 1430 1907 D.
1453 1864 1700 1907 Emanuele
1724 1862 1788 1904 fui
1805 1876 1908 1917 pro—

275 1930 440 1965 motus·
470 1921 520 1978 [1.
547 1933 647 1979 590,
677 1923 840 1979 5931218]

371 1994 406 2024 Ι.
476 1983 715 2024 Cornelius
759 1981 1024 2039 [Versclzot]
1074 1995 1114 2025 2.
1163 1981 1339 2037 Viginti
1378 1989 1495 2025 octo.
1546 1996 1586 2036 3.
1633 1982 1910 2033 Germanus,

274 2041 589 2093 brabantinus,
607 2041 978 2084 buscoducensis.
991 2076 1018 2084 ..
1040 2054 1105 2084 12.
1122 2042 1241 2085 Sunt
1259 2049 1431 2097 septem
1449 2041 1554 2084 anni
1570 2040 1724 2097 elapsi.
1748 2042 1797 2082 In
1815 2040 1910 2082 col—

274 2100 397 2156 legio
420 2100 686 2153 coloniensi,
708 2100 753 2142 in
777 2101 1008 2156 provincia
1026 2100 1228 2144 Rheni...
1257 2114 1323 2154 14.
1350 2103 1477 2154 Sum,
1499 2115 1770 2156 quamquam
1794 2098 1911 2141 indi—

278 2174 415 2215 gnus,
442 2161 665 2203 sacerdos.
712 2171 776 2214 15.
807 2161 855 2202 In
886 2161 1078 2216 collegio
1106 2160 1353 2203 coloniensi
1382 2168 1427 2204 et
1464 2158 1826 2216 moguntinensi,
1868 2163 1915 2202 et

277 2220 411 2261 modo
434 2218 478 2260 in
509 2219 802 2263 trevirensi...
838 2220 1057 2275 Magister
1092 2220 1255 2262 artium
1283 2235 1383 2262 sum
1414 2220 1630 2263 Coloniae
1661 2225 1910 2275 promotus.

276 2278 394 2322 Dedi
416 2286 461 2321 et
483 2280 570 2321 hoc
594 2279 877 2322 Buscoducis
899 2279 1039 2322 literis
1072 2280 1356 2322 solummodo
1388 2286 1434 2322 et
1461 2293 1644 2322 cursum
1673 2276 1845 2321 absolvi
1867 2275 1912 2318 in

277 2337 507 2381 Societate
525 2338 684 2393 quinto
702 2353 837 2380 anno.
859 2340 963 2381 Non
980 2338 1132 2381 docui.
1145 2338 1474 2382 ..—Cornelius
1492 2340 1732 2390 Verschot,
1746 2338 1888 2386 busco
1901 2361 1912 2368 ·

277 2397 504 2440 (lucensis.
534 2396 583 2454 [1,
611 2398 712 2455 598]
741 2399 768 2440 ¹.

374 2469 410 2499 Ι.
478 2458 629 2499 Vocor
651 2457 926 2499 Desiderius
959 2456 1083 2513 [alias
1111 2457 1356 2514 Erasmus]
1391 2457 1660 2500 Gorderius.
1694 2468 1736 2498 2.
1768 2456 1916 2498 Natus

277 2530 377 2557 sum
396 2530 539 2558 annos
561 2517 629 2559 26.
654 2530 694 2570 3.
714 2516 909 2559 Natione
927 2517 1091 2572 gallus,
1108 2515 1338 2572 provincia
1354 2515 1630 2571 Companiae
1648 2514 1758 2573 [sic]‚
1773 2512 1915 2570 patria

279 2574 617 2629 lingonensis...
651 2588 717 2618 12.
745 2577 923 2619 Novem
947 2575 1053 2618 anni
1076 2583 1183 2618 sunt
1205 2590 1259 2618 ex
1284 2590 1374 2629 quo
1402 2590 1501 2618 sum
1524 2575 1571 2617 in
1594 2574 1821 2619 Societate
1844 2587 1912 2615 re-

278 2642 439 2690 ceptus
462 2634 508 2676 in
532 2634 725 2691 collegio
748 2649 934 2677 romano
958 2642 1003 2679 et
1025 2635 1086 2677 ibi
1104 2635 1443 2677 examinatus...
1471 2647 1538 2687 14.
1560 2635 1634 2677 Ad
1651 2634 1824 2676 nullum
1841 2646 1914 2674 or—

281 2693 433 2737 dinem
465 2694 823 2738 ecclesiasticum
853 2708 954 2736 sum
993 2702 1240 2749 promotus.
1289 2704 1353 2748 15.
1396 2695 1445 2736 In
1482 2693 1675 2749 collegio
1712 2705 1914 2742 romano,

282 2753 578 2795 lauretano...
619 2760 665 2796 et
695 2753 892 2809 parisino
920 2753 1136 2796 habitavi.
1171 2754 1219 2796 In
1249 2753 1404 2796 multis
1437 2753 1535 2795 aliis
1570 2752 1704 2796 etiam
1737 2751 1802 2793 fui
1837 2750 1915 2792 sed

280 2826 455 2867 paucos
473 2812 571 2855 dies
593 2820 776 2868 propter
798 2811 1218 2871 a[e]gritudinem...
1252 2813 1317 2855 18.
1344 2813 1463 2855 Vota
1486 2811 1612 2855 emisi
1628 2811 1675 2854 in
1692 2810 1916 2855 Societate

354 2954 362 2973 ¹
416 2953 533 2987 Aliud
553 2959 613 2988 est
632 2965 797 2989 examen
815 2954 930 3000 hujus
952 2953 1133 2989 Cornelii
1150 2957 1209 2997 (ut
1228 2954 1398 2998 videtur)
1416 2954 1528 2998 ibid„
1547 2954 1617 2989 fol.
1644 2962 1726 2999 594,
1746 2952 1916 3000 quinque

277 2999 390 3034 annis
409 3006 498 3036 ante
518 3002 590 3037 hoe
609 3001 816 3048 scriptum,
837 3013 891 3038 sc.
914 3013 1014 3037 anno
1037 3002 1141 3046 1562.
