1958 3210
812 180 901 216 Ι554
1621 180 1664 214 29

714 276 741 326 ¹,
767 274 862 329 ipse
890 287 982 315 non
1009 280 1077 314 sat
1108 273 1264 314 firmus
1288 271 1333 314 in
1359 271 1612 324 vocatione,
1641 287 1665 313 a

128 278 262 332 Rojas
285 276 358 319 cui
379 275 453 318 hic
475 275 679 330 superior

41 370 129 412 qua
151 360 305 410 postea
326 351 551 404 discessit,
576 352 656 395 sed
678 351 843 407 agebat
865 349 1043 392 interim
1060 350 1180 391 bona
1197 349 1301 392 fide.
1329 348 1415 404 Egi
1438 349 1494 390 de
1517 363 1663 405 nego-

42 432 111 475 cio
133 429 338 473 dominae
361 429 607 480 Aldonsae,
634 435 679 471 et
702 428 798 472 eius
821 426 1078 469 donatione:
1105 425 1196 468 dixi
1226 427 1278 468 P.
1311 425 1538 481 Ignatium
1562 439 1660 468 ces-

43 509 153 552 sisse
175 506 423 559 donationi;
449 512 494 548 et
517 512 667 548 tamen
690 506 745 547 ad
763 504 887 547 illum
906 518 976 546 me
998 504 1209 545 daturum
1228 501 1396 555 literas,
1418 509 1504 545 etc.
1527 504 1666 545 Erant

43 583 172 641 pauci
188 583 250 625 illi
262 582 402 625 nostri
420 581 845 631 incommodissime,
867 581 948 624 sed
962 578 1226 622 confirmaui
1241 580 1389 621 locum
1406 594 1499 621 non
1516 580 1665 622 deser-

44 669 184 704 turos:
216 659 261 702 id
289 674 360 702 me
390 666 653 701 curaturum
675 659 795 713 apud
826 660 876 700 Ρ.
905 656 1145 712 Ignatium.
1178 655 1184 712 Ι
1212 655 1396 699 Retinui
1426 657 1664 710 quemdam

41 739 237 791 fratrem,
263 736 339 791 qui
363 736 509 778 fuerat
532 734 712 790 quidem
736 733 936 784 eremita,
964 734 1043 775 sed
1066 747 1156 774 non
1179 746 1282 774 cum
1308 732 1557 775 monachali
1583 735 1665 774 ha—

40 809 152 865 bitu‘,
179 820 263 857 etc.
291 814 399 855 Inde
431 811 617 855 discessi
641 812 889 854 Cuencam.

130 968 206 1011 35
738 966 971 1008 CUENCHE

129 1121 193 1165 Ibi
222 1128 426 1177 praeerat
455 1121 655 1163 Alonsus
684 1118 921 1174 Lopezius.
957 1118 1043 1174 Egi
1066 1132 1169 1160 cum
1197 1118 1417 1160 canonico
1447 1134 1472 1160 a
1501 1120 1662 1170 Puteo,

43 1214 145 1243 cum
168 1206 317 1242 tamen
339 1204 494 1253 postea
524 1196 608 1238 fuit
637 1202 837 1238 mutatus
866 1195 1057 1247 animus3
1083 1208 1242 1237 verum
1264 1193 1543 1236 obtinuimus
1570 1194 1667 1237 eius

43 1277 238 1327 domum,
264 1274 339 1316 vbi
361 1273 606 1316 canonicus
630 1271 863 1315 Marchina
891 1270 1147 1314 aedificauit
1168 1270 1426 1327 collegium.
1454 1270 1540 1327 Egi
1563 1285 1665 1314 cum

41 1354 226 1396 doctore
254 1353 459 1407 Vergara
487 1351 501 1370 ²
531 1351 587 1392 de
622 1348 919 1404 applicatione
941 1348 1380 1403 praestimoniorum,
1400 1355 1446 1390 et
1468 1355 1515 1390 vt
1537 1347 1666 1392 viue-

39 1437 138 1474 rent
159 1428 256 1472 eius
278 1435 482 1483 nepotes,
507 1441 599 1469 non
622 1440 725 1468 cum
747 1425 928 1476 nostris,
959 1426 1039 1468 sed
1066 1425 1112 1467 in
1136 1425 1335 1480 proxima
1364 1426 1511 1467 domo.
1545 1424 1666 1467 Visi-

41 1506 148 1560 taui,
173 1512 260 1548 etc.
287 1506 395 1548 Inde
419 1503 523 1548 veni
546 1502 799 1547 Valentiam
824 1504 854 1544 ⁵.

130 1662 209 1704 3ss
712 1659 997 1701 VALENTIAE

127 1817 192 1860 Ibi
220 1823 424 1872 praeerat
453 1817 506 1858 P.
541 1814 744 1870 Baptista
775 1812 1048 1856 Barmensis.
1081 1811 1292 1863 Visitaui,
1319 1819 1405 1855 etc.
1438 1810 1663 1854 Constitui

43 1896 98 1938 de
120 1895 309 1938 emenda
332 1892 532 1949 proxima
553 1892 702 1934 domo.
724 1890 812 1947 Egi
828 1904 931 1933 cum
950 1888 1178 1940 Verdolai,
1201 1887 1279 1943 qui
1296 1902 1387 1931 non
1406 1888 1554 1930 adhuc
1572 1895 1668 1930 erat

43 1978 260 2023 maturus,
287 1971 366 2013 sed
389 1984 528 2025 quum
552 1968 843 2011 maturuisset
866 1973 1023 2022 postea
1045 1973 1090 2010 et
1113 1965 1274 2009 fuisset
1290 1971 1516 2020 receptus,
1536 1963 1668 2019 redijt

43 2055 137 2091 tum
159 2049 215 2091 ad
237 2062 369 2090 suum
392 2045 665 2098 institutum3
692 2045 803 2088 adeo
826 2059 918 2086 non
940 2044 1109 2086 cedunt
1125 2043 1242 2086 bene
1258 2041 1306 2083 in
1322 2040 1555 2083 monachis
1573 2040 1667 2083 dis-

42 2125 342 2182 pensationes.
364 2125 538 2168 Omnes
556 2124 649 2166 fere
666 2122 963 2178 aegrotabant
980 2136 1006 2164 e
1023 2121 1246 2162 catarrho.
1269 2120 1368 2175 Ego
1386 2132 1490 2161 cum
1512 2117 1669 2160 simili—

45 2209 111 2246 ter
132 2209 430 2258 aegrotarem,
461 2207 612 2243 tamen
640 2198 790 2242 omnia
822 2198 1018 2249 obibam,
1044 2197 1163 2239 vnde
1191 2211 1218 2238 a
1244 2196 1438 2250 quadam
1466 2201 1669 2237 matrona

45 2278 251 2335 primaria
266 2278 299 2321 ⁴:
324 2293 416 2321 non
432 2284 501 2321 est
517 2276 636 2321 enim
653 2275 761 2318 vtile
778 2282 827 2316 vt
844 2274 933 2317 sint
950 2275 1065 2317 adeo
1079 2272 1252 2315 robusti
1266 2271 1537 2327 superiores.
1560 2271 1668 2313 Col-

46 2356 137 2412 legi
162 2356 260 2398 illos
297 2365 407 2410 1500
443 2365 507 2406 Δ,
538 2353 544 2411 1
572 2368 686 2409 quos
715 2352 797 2395 tuli
825 2353 1013 2394 Romam
1042 2364 1145 2393 cum
1174 2356 1428 2392 commeatu
1457 2347 1669 2404 principis

48 2433 211 2476 sororis
248 2431 466 2487 Philippi,
507 2445 645 2486 quae,
677 2436 856 2472 mortuo
893 2427 1070 2480 marito,
1102 2426 1303 2483 principe
1342 2423 1665 2481 Portugalliae,

47 2511 329 2566 gubernabat
353 2507 618 2564 Hispaniam
642 2509 672 2550 ⁵.

114 2691 123 2710 ¹
174 2688 238 2724 Sic
262 2688 482 2735 perspicue.
518 2688 700 2722 Fortasse
725 2686 850 2721 voluit
880 2690 1013 2720 auctor
1044 2683 1229 2719 scribere:
1263 2684 1328 2718 cui
1358 2683 1419 2717 hic
1449 2682 1670 2728 superioris

42 2759 188 2784 munus
204 2749 456 2783 commissum
466 2746 627 2794 fuerat.
661 2772 669 2778 .

113 2810 127 2829 ²
176 2808 267 2854 Ms.‚
296 2808 450 2854 Varga.

115 2868 129 2887 ³
177 2866 242 2902 Nil
263 2866 449 2912 scriptum
468 2870 528 2901 est
546 2865 586 2900 in
603 2864 676 2900 fol.
699 2863 744 2909 35
763 2877 805 2899 v.

116 2928 131 2948 ⁴
179 2925 259 2972 Sic,
278 2925 474 2960 sententia
491 2924 737 2971 imperfecta.

120 2987 133 3008 ⁵
182 2985 269 3020 Fol.
293 2983 338 3029 37
355 2997 387 3019 r.
407 2995 570 3019 vacuum
587 2984 767 3019 relictum
785 2989 862 3018 est.

191 3056 303 3085 prsr.
324 3055 362 3084 P.
383 3055 516 3091 NADAL,
537 3061 611 3083 που.
632 3053 674 3082 11.
1352 3049 1369 3076 Δ
