1958 3210
272 222 295 248 2
838 211 882 245 P.
902 210 1089 244 NATALIS
1115 209 1333 243 EPHEMER.

272 313 604 356 conuertendas
627 310 900 355 meretrices.
928 310 1053 353 Missi
1077 310 1342 353 Tridentum
1362 309 1527 353 Lainez
1545 315 1590 350 et
1606 308 1838 352 Salmeron
1856 316 1902 350 et
1957 298 1958 306 ἵ

269 388 507 432 Claudius.
534 389 802 431 Aduocatus
825 388 1012 429 Romam
1036 387 1181 430 Faber
1208 393 1258 428 vt
1286 385 1558 429 Tridentum>
1580 385 1680 437 iret,
1711 383 1902 427 moritur
1954 410 1955 414 =

271 464 414 521 prima
436 463 653 519 Augusti.
681 462 906 506 Exercitia
930 465 981 505 P.
1008 464 1043 505 F
1047 462 1235 505 rancisci
1258 469 1303 504 et
1324 469 1430 505 vota
1452 474 1522 506 2521
1541 462 1662 519 Junij
1682 461 1726 503 in
1747 461 1900 517 vigilia

271 539 582 591 Ascensionis,
608 546 653 582 et
675 539 940 581 inchoatum
962 537 1204 594 collegium
1228 538 1520 594 gandianum,
1541 539 1587 580 in
1605 553 1694 593 quo
1711 538 1899 580 inchoa-

271 624 377 660 runt
399 616 580 672 publice
602 616 743 658 nostri
772 616 952 659 docere.
986 616 1201 657 Inchoata
1229 614 1457 657 tribulatio
1484 615 1696 659 Mathiae.
1729 616 1898 658 Valen-

272 694 361 737 tiae
383 692 626 749 collegium
651 693 890 734 fundatum
913 691 1170 747 diplomate.
1202 691 1370 734 Missus
1393 692 1641 734 Bononiam
1669 694 1900 735 Domene-

271 773 399 814 chus.
426 772 477 813 In
500 769 698 814 Siciliam
717 769 918 826 Jacobus
940 769 1171 811 Lhostius.
1205 768 1589 812 Animaduersum
1617 768 1903 811 obedientiae

272 847 598 892 districtionem
621 847 876 899 inchoasse,
902 846 1165 902 praesertim
1184 846 1455 890 intellectus.
1477 845 1694 888 Reuocati
1711 847 1902 889 Romam

272 925 489 982 magister
513 925 740 967 Polancus
762 930 806 967 et
829 922 1045 979 magister
1067 923 1254 967 Frusius
1276 937 1430 966 mense
1453 922 1721 978 Septembri.
1753 922 1759 980 Ι

1019 1042 1160 1088 [15]4·7

362 1159 413 1199 P.
459 1157 685 1199 Polancus
727 1155 997 1199 secretarius
1041 1154 1293 1199 Societatis.
1342 1154 1704 1198 Constitutiones
1747 1154 1907 1210 incipit

272 1233 389 1277 serio
411 1247 681 1288 componere
706 1234 842 1275 Pater
863 1231 1082 1288 Ignatius.
1111 1234 1278 1288 Magna
1294 1231 1532 1287 occupatio
1550 1231 1595 1273 in
1614 1231 1905 1275 tribulatione

273 1309 487 1354 Mathiae.
515 1309 746 1352 Coniunta
768 1315 838 1352 est
860 1308 1089 1351 tribulatio
1112 1308 1324 1352 Roseriae
1344 1315 1390 1351 et
1419 1307 1679 1352 Barberani.
1711 1309 1747 1351 F
1750 1309 1901 1351 loren-

273 1386 381 1430 tiam
402 1385 503 1428 misi
526 1388 588 1429 M.
615 1387 651 1428 F
653 1385 804 1428 rusius
825 1392 871 1428 et
894 1387 946 1428 P.
975 1386 1168 1429 Otellus.
1192 1385 1393 1428 Primum
1412 1384 1553 1428 nostri
1569 1385 1731 1441 legunt
1747 1386 1900 1441 Ingolu

272 1463 419 1519 stadij.
462 1464 738 1505 Laboratum
775 1469 844 1506 est
881 1477 937 1506 ne
974 1462 1254 1518 acciperetur
1292 1462 1578 1518 episcopatus
1617 1461 1903 1518 trigestinus.>

266 1543 467 1598 Joannes
484 1541 540 1584 de
558 1541 688 1596 Vega
705 1539 751 1582 in
769 1540 967 1585 Siciliam
985 1555 1088 1583 cum
1109 1542 1188 1583 Re
1215 1541 1526 1583 Domenecho.
1548 1539 1667 1582 quit
1687 1541 1738 1582 P.
1765 1541 1905 1595 Igna—

273 1618 363 1660 tius
385 1624 434 1659 vt
456 1616 693 1672 Inquisitio
715 1617 1066 1662 constitueretur
1083 1617 1128 1660 in
1152 1617 1435 1674 Portugallia
1457 1624 1501 1660 et
1524 1619 1693 1661 Romae
1716 1617 1901 1673 expedi—

271 1765 403 1811 ctitur3
424 1767 667 1803 enucleatius
686 1773 817 1803 tamen
841 1768 1050 1803 Societatis
1073 1768 1385 1815 perturbationes
1409 1769 1458 1803 ab
1482 1769 1591 1803 obitu
1619 1769 1659 1803 S.
1686 1768 1829 1813 Ignatii
1853 1769 1903 1803 ad

272 1826 507 1861 electionem
526 1839 651 1874 usque
666 1828 791 1863 Patris
810 1828 953 1863 Lainez
971 1828 1235 1874 prosequitur.

342 1886 387 1920 In
406 1886 577 1922 editione
595 1886 710 1933 hujus
729 1888 880 1933 egregii
904 1887 1146 1922 monumenti
1170 1887 1265 1922 nihil
1292 1888 1681 1933 praetermittendum
1701 1888 1900 1932 duximus,

270 1956 347 1991 quo
366 1946 658 1981 accuratissime
677 1946 804 1993 ipsum
823 1948 1104 1993 autographum
1124 1947 1413 1990 exhiberemus,
1439 1947 1542 1994 quod
1566 1959 1654 1982 cum
1680 1947 1835 1993 raptim,
1863 1954 1901 1982 et

271 2004 404 2039 multis
423 2005 608 2040 adhibitis
627 2006 743 2050 notis,
763 2018 859 2053 quas
877 2007 1190 2042 abbreviationes
1207 2005 1354 2050 dicunt,
1371 2006 1721 2054 frequentibusque
1745 2008 1784 2042 in
1808 2019 1905 2041 mar-

267 2064 427 2109 ginibus
446 2064 711 2100 additionibus
730 2066 778 2100 ab
796 2070 954 2100 auctore
973 2070 1173 2100 exaratum
1192 2065 1256 2109 sit,
1275 2065 1378 2100 haud
1395 2067 1483 2100 leve
1502 2066 1704 2111 negotium
1722 2066 1834 2101 nobis
1848 2065 1902 2100 fa<

269 2122 446 2170 cessivit‚
465 2124 577 2170 cujus
596 2130 728 2160 tamen
746 2124 905 2160 minime
924 2136 994 2160 nos
1013 2124 1202 2171 poenitet,
1222 2130 1264 2160 ut
1288 2124 1459 2159 numeris
1479 2125 1659 2160 omnibus
1685 2126 1906 2161 absolutam

270 2182 498 2229 editionem,
517 2189 704 2230 quantum
723 2184 762 2219 in
780 2183 894 2219 nobis
913 2184 1001 2230 erit,
1023 2184 1277 2231 scriptoribus
1296 2190 1335 2219 et
1358 2184 1542 2219 studiosis
1565 2184 1748 2219 historiae
1773 2184 1910 2220 Socie—

270 2242 361 2277 tatis
381 2242 520 2277 offerre
544 2244 757 2278 valeamus.
785 2244 927 2279 Veram
951 2254 1062 2290 porro
1086 2243 1294 2279 lectionem
1325 2244 1554 2290 autographi
1582 2244 1801 2289 generatim
1831 2247 1901 2279 nos

269 2301 450 2347 attigisse
469 2302 752 2338 existimamus.
774 2303 971 2350 Siquando
990 2309 1120 2339 autem
1139 2303 1337 2338 obscurior
1355 2308 1421 2340 aut
1439 2303 1557 2339 dubia
1576 2303 1692 2339 lectio
1707 2311 1906 2349 occurret,

271 2373 339 2407 pro
357 2366 491 2397 nostro
510 2374 616 2397 more
635 2363 789 2409 proprio
808 2364 893 2398 loco
911 2363 1199 2398 annotabimus.

342 2420 675 2467 Paragraphorum
694 2423 975 2469 separationes,
994 2435 1089 2469 quas
1112 2423 1269 2458 alineas
1293 2428 1447 2466 vocant,
1479 2423 1518 2458 in
1549 2423 1714 2468 singulis
1745 2424 1902 2470 punctis

272 2480 431 2515 adhibet
456 2481 605 2516 Natalis
632 2481 671 2516 in
697 2481 820 2528 prima
843 2482 1156 2529 Ephemeridum
1186 2486 1309 2528 parte.
1342 2482 1458 2528 Quod
1488 2488 1619 2518 autem
1649 2483 1705 2518 illi
1734 2490 1900 2530 angusta

271 2540 402 2590 charta
417 2540 542 2575 utenti
556 2541 799 2577 commodum
815 2542 1038 2586 eveniebat,
1054 2553 1130 2577 non
1145 2542 1228 2577 sine
1244 2543 1365 2577 multa
1378 2543 1534 2577 chartae
1544 2543 1696 2588 jactura
1710 2556 1780 2580 nos
1794 2556 1902 2591 prae—

272 2603 375 2633 stare
395 2610 612 2645 possemus;
633 2601 800 2648 ideoque
819 2602 868 2636 ab
887 2601 963 2637 illis
982 2601 1118 2648 spatiis
1137 2602 1270 2636 vacuis
1289 2602 1401 2637 nobis
1415 2603 1690 2638 abstinendum
1705 2604 1903 2640 existima-

272 2656 413 2691 vimus.
435 2657 541 2692 Folia
559 2659 706 2704 primae
725 2660 860 2706 partis,
879 2672 978 2707 quae
997 2671 1072 2694 non
1090 2666 1181 2695 sunt
1199 2660 1366 2706 signata,
1385 2672 1406 2695 a
1425 2662 1538 2696 nobis
1556 2674 1717 2697 numero
1741 2663 1906 2707 ordinis,

273 2727 349 2763 quo
367 2717 406 2751 in
424 2717 558 2754 codice
573 2718 720 2765 jacent,
741 2719 779 2755 in
805 2720 889 2767 ipso
914 2725 1026 2755 textu
1049 2719 1306 2755 crassioribus
1331 2721 1502 2755 numeris
1530 2718 1766 2757 indicantur.
1794 2723 1906 2758 Folia·

274 2786 367 2810 vero
385 2777 580 2812 secundae
599 2777 719 2824 partis
738 2779 890 2824 eodem,
909 2791 985 2827 quo
1005 2779 1043 2814 in
1062 2780 1301 2825 autographo
1320 2780 1615 2826 distinguuntur
1631 2793 1807 2828 nurnero,
1831 2794 1903 2817 nos

273 2846 427 2881 quoque
447 2848 517 2871 suo
535 2838 619 2872 loco
637 2837 854 2884 signamus.
886 2839 965 2875 Ubi
989 2844 1119 2874 autem
1142 2839 1286 2874 desinit
1311 2839 1433 2885 prima
1458 2840 1699 2885 singulorum
1723 2840 1901 2876 foliorum

273 2895 429 2942 pagina,
449 2895 630 2932 lineolam
649 2902 800 2933 tantum
818 2899 1062 2934 adhibemus.

345 2955 531 3001 Singulae
561 2958 791 3004 autographi
820 2958 1000 3005 paginae,
1036 2970 1104 3005 pro
1135 2970 1240 2994 more
1274 2971 1295 2993 a
1324 2960 1455 2996 Natali
1480 2966 1705 2997 constanter
1728 2968 1889 2997 servato

273 3013 387 3060 signo
405 3015 530 3051 crucis
548 3016 658 3053 initio
672 3023 828 3053 notatae
847 3023 950 3054 sunt.
