1958 3210
237 224 306 262 612
858 220 999 256 Ep1sr.
1032 217 1075 254 P.
1104 217 1255 255 NADAL

240 328 314 372 dio
332 328 486 370 hostes
505 329 728 369 tenerent.
751 322 912 367 Visum
931 329 999 367 est
1017 321 1298 367 summittere
1317 322 1373 366 ad
1392 321 1715 367 paternitatem
1734 322 1878 365 Tuam

238 387 508 444 magistrum
547 386 830 440 Stephanum
870 382 1181 436 Mirabellum,
1223 382 1299 437 qui
1336 383 1622 427 renunciaret
1660 397 1737 426 eos
1773 381 1879 424 hinc

239 447 396 498 abiise,
423 461 480 489 ne
503 444 549 487 id
573 443 828 487 Paternitas
852 450 930 485 tua
947 441 1118 485 diutius
1140 442 1386 498 ignoraret,
1412 442 1449 486 si
1472 443 1579 498 quid
1601 442 1667 485 eis
1696 443 1810 485 forte
1831 441 1878 484 in

241 507 313 549 via
335 504 620 561 contigisset,
645 504 767 559 quod
796 502 980 546 minime
1011 501 1334 546 noluissemus.
1367 504 1424 545 Et
1452 502 1536 558 ipsi
1558 502 1740 557 quidem
1771 516 1878 557 pro-

241 581 373 623 spere
400 565 485 608 iter
521 565 782 619 incoeptum
812 563 1121 606 confecerunt.
1157 563 1220 605 At
1257 563 1517 618 Stephanus
1554 563 1610 605 ab
1639 560 1878 605 haereticis

241 627 536 681 interceptus,
563 623 610 666 in
632 624 789 667 vrbem
814 621 1124 678 Burgundiae‚
1152 623 1286 677 quam
1309 628 1600 678 occuparant,
1627 623 1683 665 ab
1712 621 1776 664 eis
1798 621 1898 663 de==

243 688 410 729 ductus
433 690 517 735 est,
544 691 588 726 et
611 682 657 725 in
683 696 909 726 carcerem
932 683 1153 733 reclusus,
1185 681 1338 724 vincto
1362 682 1418 724 ad
1448 682 1586 737 pedes
1615 681 1746 737 graui
1777 679 1881 724 terri

245 746 461 803 pondere,
483 750 528 786 et
550 749 678 788 erant
702 742 884 798 quidem
908 741 1029 784 illhic
1053 755 1108 784 ex
1123 741 1496 793 turnonensibus,
1522 741 1598 796 qui
1621 742 1761 797 probe
1778 755 1882 783 eum

246 810 468 849 noueraut
493 818 517 846 e
541 817 690 859 grege·
713 817 812 846 esse
835 801 1120 857 jesuitarum.
1154 799 1245 846 Sed
1274 800 1384 843 nihil
1413 808 1563 844 tamen
1585 799 1815 844 crudelius
1837 799 1885 842 in

247 880 353 910 eum
375 863 665 908 definierunt.
691 864 785 905 Imo
810 876 934 913 uero,
961 861 1038 904 ubi
1067 861 1163 905 dies
1192 860 1362 916 aliquot
1386 862 1527 905 ferme
1550 861 1605 903 ad
1628 859 1886 916 quindecim

246 925 310 968 ita
333 924 537 967 vinctum
561 923 859 977 clausumque
892 921 1174 973 habuissent,
1207 921 1380 964 alentes
1408 920 1587 965 interim
1616 927 1661 963 et
1688 919 1888 975 benigne

249 1000 355 1029 cum
379 999 432 1028 eo
455 989 662 1039 agentes,
690 982 872 1026 tandem
897 981 1091 1024 uinculis
1114 981 1365 1032 soluerunt,
1392 995 1483 1023 non
1514 987 1662 1025 tamen
1692 978 1889 1023 abeundi

250 1050 478 1102 potestate
501 1044 621 1095 data,
648 1043 728 1085 sed
751 1048 800 1083 ut
824 1042 880 1084 ad
903 1055 1103 1084 mensam
1126 1055 1230 1083 cum
1254 1040 1361 1096 ipsis
1383 1041 1672 1084 accumberet
1690 1053 1889 1095 semper·
1957 1079 1958 1082 ,

253 1120 342 1161 que
365 1118 469 1147 cum
493 1102 580 1145 illis
603 1108 738 1145 esset.
765 1103 821 1144 Et
844 1116 946 1144 cum
971 1100 1167 1152 interim,
1193 1115 1274 1156 pro
1297 1115 1423 1143 more
1452 1114 1551 1152 suo,
1583 1100 1731 1156 quoad
1759 1106 1889 1155 pote-
1910 1095 1925 1143 .'

252 1171 339 1217 rat,
367 1163 559 1214 uiueret,
585 1162 804 1216 statisque
826 1161 987 1204 diebus
1015 1160 1127 1203 cibis
1154 1160 1307 1204 vetitis
1337 1160 1599 1216 abstineret,
1630 1159 1741 1201 nihil
1769 1158 1890 1201 aliud

252 1239 388 1280 quam
412 1223 678 1274 illudebant,
706 1229 800 1275 aut,
829 1228 877 1264 ut
899 1220 1142 1277 plurimum
1165 1219 1311 1263 leuius
1334 1219 1723 1270 conuiciabantur,
1757 1218 1891 1261 nullis

252 1283 433 1327 interim
456 1282 572 1326 escis
601 1281 837 1337 appositis,
879 1295 1014 1336 quam
1052 1280 1217 1336 quibus
1240 1279 1324 1336 ipsi
1356 1281 1676 1323 vescebantur.
1711 1277 1892 1321 Exactis

253 1359 332 1388 sex
355 1341 669 1394 hebdomadis,
696 1349 988 1397 posteaquam
1011 1340 1057 1383 in
1080 1355 1241 1383 manus
1263 1354 1418 1382 eorum
1445 1346 1647 1391 uenerat,
1672 1338 1779 1380 victi
1803 1339 1894 1380 fra-

254 1404 408 1459 ctique
431 1401 664 1459 patientia,
690 1400 1034 1455 constantiaque
1057 1400 1154 1445 eius
1177 1408 1222 1443 et
1244 1400 1573 1442 consuetudine
1601 1397 1815 1449 devincti,
1840 1397 1892 1443 li-

255 1466 478 1507 bertatem
501 1462 543 1505 ei
566 1462 789 1504 dederunt
813 1460 1010 1504 abeundi
1032 1460 1078 1502 in
1102 1459 1426 1503 catholicorum
1450 1466 1613 1513 castra,
1638 1473 1754 1514 quae
1776 1457 1898 1500 haud

256 1525 412 1581 longe,
452 1522 559 1566 inde
588 1523 791 1566 aberant.
826 1522 913 1575 Ac,
948 1536 1006 1565 ne
1034 1520 1080 1563 in
1110 1520 1284 1576 aliquos
1307 1519 1416 1562 alios
1448 1519 1667 1563 incideret
1695 1518 1897 1562 eiusdem

258 1591 411 1627 sectae
433 1582 654 1633 homines,
680 1597 706 1624 a
728 1580 894 1636 quibus
917 1581 1108 1624 fortasse
1131 1579 1389 1623 detrimenti
1406 1579 1573 1635 aliquid
1592 1578 1795 1634 accipere
1817 1592 1899 1633 po-

260 1643 437 1696 tuisset,
464 1642 646 1698 aliquod
668 1656 773 1685 eum
796 1656 850 1684 eo
874 1655 1019 1696 usque
1037 1640 1237 1683 comitati
1255 1646 1377 1692 sunt,
1397 1640 1517 1683 vnde
1536 1645 1635 1682 tuto
1652 1638 1698 1680 in
1721 1644 1899 1680 nostro-

257 1716 359 1748 rum
376 1710 522 1746 castra
544 1701 768 1758 peruenit,
796 1716 821 1744 a
844 1701 1009 1757 quibus
1026 1700 1226 1758 benigne
1244 1706 1475 1756 acceptus,
1496 1705 1597 1757 post
1613 1697 1711 1743 dies
1728 1696 1899 1753 aliquot

263 1765 321 1808 ad
343 1778 426 1807 nos
448 1761 688 1807 incolumis
711 1768 779 1806 est
802 1761 1032 1806 remissus,

1016 1906 1078 1948 IX
1113 1904 1155 1962 (d

756 1990 808 2025 P.
855 1988 1222 2024 LAMBERTUS
1257 1988 1416 2024 AUER

806 2077 947 2106 PATRI
982 2075 1164 2115 JACOBO
1198 2075 1373 2105 LAiNEz

702 2146 986 2204 Moguntiae,
1014 2147 1038 2187 8
1064 2145 1279 2189 Octobris
1307 2147 1415 2200 1562
1444 2147 1471 2188 ¹.

648 2233 701 2267 P.
739 2231 902 2266 Natalis
932 2231 1054 2265 socios
1083 2230 1343 2276 moguntinos
1369 2230 1528 2265 invisit.

365 2306 500 2350 ...Al
521 2304 743 2361 principio
765 2303 811 2345 di
840 2303 1096 2347 Settembre
1125 2301 1275 2345 arriuo
1305 2301 1381 2357 qui
1410 2301 1440 2343 il
1469 2303 1522 2344 R.
1556 2302 1608 2344 Ρ.
1636 2299 1819 2351 Natale,
1846 2304 1906 2351 et,

273 2382 350 2425 per
373 2380 510 2409 cause
532 2366 648 2408 delle
674 2364 781 2408 ferie
804 2363 849 2406 di
872 2365 906 2406 F
911 2362 1190 2415 rankfordia,
1216 2362 1301 2406 alle
1324 2362 1455 2417 quale
1479 2362 1595 2404 ando
1624 2375 1706 2403 sua
1727 2361 1802 2411 R„
1827 2359 1910 2402 do-

271 2427 345 2484 poi
368 2441 446 2483 per
469 2440 606 2468 causa
628 2424 672 2466 di
696 2423 856 2466 soldati
879 2425 962 2465 che
986 2436 1255 2478 passorono,
1282 2423 1403 2465 resto
1432 2421 1509 2476 qui
1537 2420 1568 2462 il
1597 2418 1815 2476 principio
1837 2417 1909 2461 del

271 2493 480 2544 presente
504 2500 587 2528 con
620 2484 794 2540 grande
825 2482 1025 2535 adiuttO,
1057 2489 1101 2525 et
1132 2483 1298 2534 frutto,
1330 2488 1375 2525 et
1405 2479 1736 2531 consolatione,
1767 2477 1910 2534 expli-

273 2547 418 2590 cando
455 2547 484 2587 l’
520 2544 728 2587 instituto
761 2549 893 2587 santo
932 2549 1087 2585 nostro
1119 2548 1164 2586 et
1197 2555 1303 2584 cose
1331 2540 1599 2597 principale,
1636 2537 1911 2581 riformando

273 2609 302 2650 l'
324 2605 538 2649 interiore
556 2612 601 2647 et
619 2603 840 2647 exteriore
858 2602 1049 2657 collegio
1068 2608 1240 2653 nostro,
1262 2601 1459 2644 secondo
1476 2600 1505 2642 il
1524 2599 1671 2652 solito,
1692 2605 1737 2642 et
1761 2599 1929 2641 facen-.

276 2665 374 2709 dosi
397 2681 511 2721 gran
535 2663 684 2707 animo
707 2662 814 2706 nelli
836 2661 1054 2706 essercitii
1077 2661 1234 2704 nostri.
1263 2660 1536 2717 Preghiamo
1554 2661 1611 2703 N.
1634 2660 1681 2704 S.
1703 2660 1787 2701 che
1805 2671 1914 2700 con-

279 2720 412 2769 fermiv
432 2732 476 2769 et
500 2722 751 2781 augmenti,
778 2728 823 2767 et
845 2722 882 2764 si
906 2722 1046 2765 faccia
1068 2720 1206 2777 degni
1229 2720 1274 2763 di
1303 2727 1462 2776 questa
1491 2719 1651 2776 gratia.
1684 2719 1914 2774 Appresso
1951 2746 1954 2751 -

279 2786 324 2829 di
351 2784 619 2841 Monsignor
642 2785 786 2826 anche
810 2796 1046 2838 promosce
1069 2788 1228 2836 queste
1251 2795 1356 2824 cose
1385 2787 1556 2835 quanto
1587 2779 1629 2821 al
1651 2783 1860 2834 presente
1881 2774 1918 2818 si

280 2852 448 2902 poteua
470 2845 580 2888 fare.
607 2842 664 2886 Di
687 2844 729 2885 la
751 2842 869 2886 ando
892 2856 969 2898 per
993 2841 1246 2897 Herbipoli,
1273 2841 1470 2885 secondo
1490 2840 1519 2883 l’
1545 2838 1703 2884 ordine
1720 2837 1764 2882 di
1782 2838 1840 2882 N.
1863 2837 1913 2879 P.

282 2920 362 2963 per
383 2905 548 2949 vedere
571 2905 612 2947 le
635 2917 740 2946 cose
763 2901 807 2946 di
831 2902 935 2958 quel
957 2901 1165 2957 collegio.

356 3041 365 3062 ¹
418 3039 483 3076 Ex
498 3036 592 3073 Cod.
612 3046 662 3083 29
683 3036 735 3085 b),
756 3035 884 3085 f01.74
903 3034 1015 3083 (101).
