1958 3210
275 169 288 195 1
299 160 340 194 16
839 157 977 191 EPJST.
1005 155 1048 190 P.
1069 155 1340 190 NADAL—216

270 262 480 316 despues‚
506 258 543 301 si
567 259 692 300 fuere
714 264 956 309 menester,
982 257 1137 314 lo—‚que
1155 257 1346 313 juzgare
1370 260 1468 300 sera
1491 257 1771 312 probechoso
1793 262 1818 301 a
1840 258 1905 302 los
1929 245 1933 322 ἶ

270 336 488 392 collegios
509 351 538 391 y
561 349 776 390 personas
799 333 955 376 dellos.
1839 342 1841 345 ⁴
1926 327 1933 388 J

358 426 396 467 3.
464 413 649 467 Quanto
671 415 697 452 3
718 411 761 452 13
784 423 921 452 03053
943 413 1032 453 mia
1054 409 1298 466 particular
1326 425 1354 465 y
1382 410 1545 463 officio,
1577 426 1606 466 y
1635 419 1753 454 estat
1776 415 1854 454 aca
1877 415 1903 455 ό
1920 436 1937 459 ,

269 504 325 533 00
355 472 454 532 otia
482 494 625 544 parte,
660 502 719 529 no
748 488 806 529 he
834 486 1145 530 determinado
1173 486 1297 529 dezir
1334 501 1439 530 cosa
1468 488 1653 543 alguna,
1685 487 1730 530 ni
1758 502 1845 530 aun
1878 492 1904 532 a
1924 466 1938 507 .,

268 567 325 609 N.
356 568 428 618 P.,
454 567 585 607 hasta
614 579 702 619 que
733 565 790 607 V.
818 565 871 606 R.
905 578 990 619 aya
1018 563 1244 619 complido
1267 578 1353 606 con
1375 565 1417 607 la
1438 563 1571 607 visita
1593 565 1745 607 destos
1768 565 1905 607 colle-
1921 549 1933 558 .„

271 642 386 699 gios.
415 643 643 684 Entonzes
660 643 765 696 aqui
788 644 815 683 ὁ
837 640 987 683 donde
1009 641 1067 683 N.
1102 642 1153 683 Ρ.
1190 655 1262 683 010
1285 641 1497 684 mandare
1519 641 1615 684 dire
1637 642 1682 684 10
1715 656 1804 696 que
1826 656 1907 685 en-

267 719 435 763 tiendo.
458 719 529 762 No
553 720 675 773 huyo
698 718 740 759 13
764 732 886 769 cruz,
914 731 1002 772 que
1026 732 1083 760 en
1105 717 1149 759 13
1171 716 1307 760 tierra
1328 722 1354 759 3
1378 718 1484 760 10(10
1507 717 1665 761 rincon
1681 722 1779 762 esta
1799 733 1908 774 muy
1934 736 1935 740 ¹

268 796 591 848 ensefioreada3
626 809 732 851 pero
760 795 1004 850 holgarme'
1025 796 1100 837 hia
1130 795 1279 849 quella
1314 810 1386 839 me
1414 796 1601 839 echasse
1630 795 1687 839 de
1715 798 1752 838 si
1781 796 1910 839 hasta

269 873 474 928 aquellos
498 879 674 916 montes
697 873 752 914 de
776 872 926 916 donde
948 879 1207 915 entretanto
1231 886 1319 927 que
1337 871 1606 915 viuieremos
1623 872 1755 916 viene
1774 887 1912 917 nues-
1946 876 1948 878 ’

274 957 343 992 tra
366 950 528 1005 ayuda.
552 950 605 991 El
627 963 714 1004 que
733 963 873 1004 reyna
895 963 953 992 en
977 949 1087 993 01105
1118 963 1257 1004 reyne
1286 956 1596 993 enteramente
1624 964 1682 993 00
1705 957 1912 994 nuestras
1950 998 1951 1002 Ἰ

270 1028 424 1070 almas.
453 1028 617 1069 Amen.
645 1028 753 1069 Esto
776 1026 926 1081 puedo
949 1025 1088 1071 decir:
1116 1041 1204 1081 que
1233 1027 1427 1069 multum
1456 1027 1602 1069 incola
1621 1028 1727 1085 fuit
1754 1028 1913 1069 anima
1943 1042 1954 1077 ’γ

271 1118 371 1146 mea
393 1118 494 1146 cum
522 1103 827 1146 lmhitaafztz‘hus
849 1104 997 1146 Cedar
1023 1105 1050 1146 ¹.
1078 1105 1148 1148 De
1176 1103 1370 1156 Vienna,
1396 1105 1446 1147 18
1469 1105 1526 1146 de
1556 1104 1754 1148 Ottubre
1783 1105 1909 1159 1562.
1953 1094 1958 1183 i

276 1183 346 1224 De
369 1182 425 1224 V.
448 1183 502 1223 R.
529 1180 678 1223 sieruo
701 1195 758 1223 00
781 1182 892 1238 Jesu
916 1182 1030 1234 X.0,
1956 1186 1958 1228 l

1404 1259 1661 1302 VICTORIA.

364 1336 485 1390 Aqui
510 1335 626 1377 dexo
649 1349 735 1377 con
757 1341 854 1378 0513
876 1336 1069 1391 algunos
1092 1336 1289 1391 papeles.
1317 1258 1374 1378 Vi.
1402 1337 1456 1378 R.
1490 1336 1558 1378 105
1587 1337 1726 1392 podra
1754 1350 1862 1380 veer
1884 1351 1914 1392 y

272 1484 364 1518 dum
383 1489 423 1518 01
441 1484 693 1519 scribendum
713 1497 800 1520 esse
819 1485 1017 1530 idoneum3
1039 1497 1205 1532 eumque
1227 1486 1302 1521 sibi
1322 1485 1361 1521 in
1381 1486 1561 1522 omnibus
1581 1498 1669 1522 0550
1684 1498 1917 1534 semperque

272 1543 394 1578 fuisse
413 1544 661 1579 contrarium:
681 1556 754 1580 nec
769 1545 875 1580 omni
894 1547 1008 1592 culpa
1028 1557 1166 1580 vacare
1186 1547 1228 1580 P.
1251 1546 1472 1593 Lanoyum,
1493 1552 1536 1581 ut
1553 1546 1619 1593 qui
1634 1547 1684 1582 sit
1708 1547 1918 1594 prouintia-

273 1603 319 1637 115
334 1603 603 1649 compatriota.
624 1605 736 1639 Hanc
755 1606 804 1639 ob
827 1616 984 1640 causam
1012 1617 1055 1640 se
1085 1605 1294 1652 reliquisse
1324 1605 1582 1641 viennensem
1608 1611 1858 1652 rectoratum,
1877 1613 1917 1643 et

275 1673 377 1697 nunc
396 1662 520 1697 modis
539 1662 718 1698 omnibus
742 1664 1004 1710 praesentiam
1030 1670 1069 1699 et
1094 1665 1330 1711 colloquium
1356 1665 1600 1711 prouintialis
1625 1665 1914 1712 subterfugere,

273 1721 376 1766 quod
394 1722 470 1757 sibi
488 1721 582 1757 nihil
604 1722 805 1757 molestius
824 1728 890 1758 aut
907 1724 1067 1769 grauius
1087 1724 1247 1759 euenire
1266 1730 1398 1771 queat,
1417 1737 1533 1771 quam
1559 1725 1707 1772 aliquid
1725 1737 1813 1760 cum
1832 1737 1916 1772 pro-

272 1781 433 1816 uintiale
454 1787 633 1817 tractare.
652 1783 769 1817 Dolet
788 1782 945 1818 interim
964 1783 1189 1830 plurimum,
1208 1784 1311 1830 quod
1329 1796 1418 1819 cum
1436 1785 1483 1819 R.
1505 1785 1547 1819 P.
1565 1785 1750 1820 Romanis
1772 1785 1918 1832 aliquo·

273 1840 347 1875 ties
367 1846 406 1875 et
424 1842 526 1876 clare
552 1842 647 1876 satis
672 1842 769 1876 haec
800 1843 1086 1889 perscripserit,
1119 1843 1193 1890 ipsi
1225 1849 1355 1879 tamen
1382 1844 1647 1890 dissimulent,
1679 1856 1723 1880 30
1743 1845 1775 1880 51
1794 1845 1918 1880 nolint

273 1910 354 1933 rem
374 1899 611 1945 intelligere.
638 1901 830 1947 Expectat
846 1907 976 1937 tamen
996 1914 1044 1937 ex
1063 1904 1159 1937 vrbe
1179 1903 1326 1948 literas,
1346 1904 1488 1950 quibus
1510 1905 1572 1938 uel
1598 1903 1755 1939 omnino
1780 1905 1829 1938 ab
1846 1904 1919 1939 hoc

274 1957 465 1992 tractandi
484 1958 605 1993 offitio
624 1960 864 2006 absoluatur,
884 1963 947 1996 uel
967 1967 1073 1996 certe
1094 1961 1209 1997 liceat
1228 1962 1303 1997 sibi
1322 1975 1390 2009 pro
1405 1962 1566 1998 arbitrio
1582 1975 1652 1998 suo
1667 1962 1921 2008 collegiorum

275 2018 431 2062 negotia
462 2023 641 2053 tractare.
675 2019 843 2055 Causam
875 2022 1021 2056 nullam
1048 2021 1170 2066 uidet,
1197 2033 1265 2057 cur
1296 2022 1373 2057 sibi
1400 2022 1578 2058 diffidant
1609 2022 1850 2069 superiores,
1882 2022 1921 2057 in

275 2076 506 2111 tractatione
532 2078 797 2123 negotiorum.
838 2080 937 2114 Nam
969 2080 1054 2115 siue
1086 2082 1344 2127 experientia,
1377 2083 1462 2117 siue
1482 2082 1684 2128 iudicium,
1710 2082 1795 2117 siue
1813 2082 1923 2117 fauor

279 2135 495 2182 hominum,
515 2136 600 2172 siue
619 2138 787 2184 denique
807 2139 975 2175 charitas
993 2152 1106 2186 quam
1125 2142 1258 2185 habet,
1278 2146 1492 2188 spectetur,
1523 2154 1565 2177 se
1592 2154 1680 2177 eum
1707 2153 1795 2177 esse
1813 2141 1921 2187 dicit,

277 2195 343 2241 qui
366 2196 462 2231 nulli
494 2196 702 2232 Societatis
734 2198 839 2233 Patri
869 2199 996 2234 cedat.
1029 2201 1138 2235 Haec
1170 2207 1209 2235 et
1240 2203 1447 2248 plaeraque
1479 2202 1568 2248 alia,
1600 2214 1700 2248 quae
1724 2202 1922 2237 lubentius

276 2254 413 2290 omitto
431 2267 545 2302 quam
565 2256 708 2301 scribo,
728 2257 838 2304 dicit,
859 2270 998 2306 meque
1018 2259 1234 2306 admonuit,
1254 2266 1296 2295 ut
1315 2261 1348 2295 si
1366 2261 1415 2296 de
1430 2261 1490 2296 his
1508 2262 1551 2296 P.
1571 2262 1619 2296 V.
1641 2261 1867 2305 scriberem,
1884 2259 1922 2296 id

278 2314 389 2349 ualde
410 2315 621 2360 prudenter
651 2316 778 2363 fieret,
811 2329 858 2352 ne
885 2319 928 2352 P.
961 2319 1011 2353 V.
1050 2319 1140 2355 hinc
1172 2320 1518 2356 scandalizaretur.
1555 2321 1746 2368 Equidem
1773 2321 1920 2356 nullum

279 2374 503 2409 scandalum
531 2386 580 2410 ex
611 2381 720 2422 parte
741 2377 933 2412 humanae
964 2378 1200 2414 infirmitatis
1232 2379 1271 2415 in
1302 2381 1353 2415 R.
1390 2381 1438 2415 V.
1472 2381 1592 2416 timeo
1617 2381 1692 2416 Dei
1715 2380 1854 2427 gratia,
1882 2385 1922 2415 et

278 2433 439 2479 proinde
459 2433 582 2469 libere
601 2435 751 2482 scripsi,
772 2448 848 2483 quo
868 2436 1019 2473 facilius
1039 2439 1149 2473 malis
1168 2439 1309 2474 futuris
1326 2446 1563 2476 occurratur.
1585 2441 1685 2475 Nam
1700 2445 1743 2475 vt
1758 2440 1826 2484 ait,
1845 2439 1920 2475 nisi

279 2492 477 2529 timuisset
497 2494 723 2541 Dominum,
756 2497 854 2531 hanc
879 2498 929 2532 ob
960 2509 1042 2532 rem
1074 2498 1219 2533 iamdiu
1247 2499 1458 2535 maximum
1486 2500 1624 2535 salutis
1643 2512 1686 2535 30
1705 2499 1922 2536 vocationis

279 2564 372 2587 suae
391 2552 670 2589 detrimentum
696 2567 832 2602 passus
857 2555 1012 2591 fuisset.
1040 2558 1162 2592 Immo
1188 2563 1230 2594 ut
1248 2565 1423 2606 apparet,
1455 2565 1495 2595 et
1521 2560 1605 2606 ipse
1626 2559 1792 2606 quodam
1812 2558 1923 2594 modo

278 2611 436 2653 fatetur,
472 2613 674 2660 Vtriusque
705 2615 883 2650 sanitatis
916 2616 1011 2651 satis
1028 2628 1149 2662 graue
1175 2618 1455 2655 detrimentum
1486 2620 1645 2666 patitur,
1679 2631 1768 2655 cum
1786 2620 1858 2654 hac
1876 2618 1924 2654 de

279 2682 396 2706 causa
415 2684 500 2707 raro
520 2674 620 2708 bene
641 2675 770 2709 valeat
788 2686 964 2722 corpore,
984 2687 1028 2711 ac
1047 2678 1248 2724 perpetuis
1269 2679 1388 2714 animi
1404 2679 1764 2726 perturbationibus
1783 2679 1927 2725 affliga-

282 2734 357 2771 tur,
378 2737 420 2766 vt
440 2732 524 2777 ipse
545 2733 669 2768 ait...»
690 2735 747 2769 Ex
767 2737 1010 2782 autographo
1029 2736 1069 2771 in
1094 2737 1180 2773 cod.
1202 2739 1361 2786 «Epist.
1393 2741 1442 2775 Β.
1464 2740 1581 2775 Petri
1604 2738 1758 2781 Canis-i,
1781 2738 1838 2781 I»,
1862 2746 1926 2781 107

282 2790 403 2833 (276).
430 2792 529 2826 Vide
556 2792 674 2828 etiam
701 2794 887 2840 epistolas
913 2796 1086 2838 Polanci,
1115 2809 1164 2832 ex
1183 2809 1340 2841 comm.,
1373 2799 1421 2834 ad
1439 2801 1483 2835 P.
1516 2798 1729 2834 Victoriam
1753 2797 1863 2833 datas
1883 2806 1926 2841 27

285 2848 365 2893 Jul.
389 2854 427 2884 et
451 2859 492 2895 17
513 2852 618 2898 Aug.
646 2853 750 2900 1563,
769 2854 808 2888 in
828 2854 1057 2901 appendice,
1078 2869 1148 2891 nn.
1172 2857 1264 2892 XIV
1280 2864 1319 2893 et
1337 2860 1466 2894 XVII.

361 2911 370 2930 ¹
423 2910 599 2947 habitavi
624 2924 712 2947 cum
740 2914 1007 2950 habitantibus
1035 2915 1175 2952 Cedar:
1206 2919 1370 2953 multum
1402 2919 1527 2954 incola
1558 2918 1632 2954 fuit
1663 2917 1789 2953 anima
1819 2929 1921 2952 mea.

284 2967 442 3003 PsALM.
469 2970 610 3018 CXIX,
631 2981 666 3018 5,
692 2973 730 3007 6.
