1958 3210
244 210 315 236 XVI
700 200 953 236 PROOEMIUM
978 207 1165 236 SECUNDI
1192 210 1420 238 VOLUMINIS

243 310 335 346 tem
359 302 401 344 in
430 301 662 344 Poloniam
686 301 865 356 ingredi
893 308 1077 356 exoptat
1100 303 1274 345 Natalis
1298 306 1369 360 (29
1393 305 1519 361 Jul.).
1555 306 1741 348 Petrum
1767 306 1879 347 Per-

244 379 476 435 pinianum
506 392 609 419 cum
643 376 741 419 aliis
776 376 976 432 egregiis
1009 377 1238 432 magistris
1267 379 1313 421 in
1342 380 1633 423 Germaniam
1663 381 1878 424 destinari

240 455 423 510 saepius
446 452 636 505 curavit3
663 453 784 506 quod
809 459 956 494 tamen
981 467 1075 495 non
1099 468 1234 508 opere
1256 457 1469 511 compleri
1491 457 1647 500 valuit.
1675 458 1784 513 Ejus
1808 466 1876 501 ta-

242 547 344 574 men
368 532 466 572 1000
489 529 562 572 3111
586 528 740 572 selecti
765 527 847 569 viri
871 530 1013 570 Roma
1036 536 1081 570 et
1103 543 1158 571 ex
1182 529 1402 586 Hispania
1419 532 1465 574 in
1482 534 1771 577 Germaniam
1795 549 1871 577 ve-

240 614 408 650 nerunt
432 608 518 662 (11,
551 606 600 648 18
625 605 751 660 Maj.,
779 616 803 658 7
829 605 952 659 Sept.
976 605 1099 660 010).

331 684 476 727 Multa
498 682 584 725 alia
610 682 840 738 praeclare
870 696 894 723 a
916 681 1066 724 Natali
1095 682 1141 724 in
1170 684 1416 728 Germania
1444 687 1528 729 hac
1556 688 1756 730 secunda
1777 689 1877 743 ejus

242 760 523 817 inspectione
552 767 682 815 gesta
710 764 832 809 sunt,
859 772 974 812 quae
1004 759 1186 813 quidem
1217 775 1480 805 enumerare
1508 763 1582 805 hic
1609 778 1699 806 non
1727 771 1874 816 vacat,

242 852 450 895 quaeque
469 836 731 892 singulatim
750 836 795 877 in
814 835 962 878 indice
978 838 1255 880 recensenda
1272 838 1581 894 relinquimus.
1599 841 1711 883 Illud
1730 848 1878 884 tamen

240 917 405 959 mirum
429 913 614 957 cuilibet
635 912 777 955 videri
795 911 952 968 possit,
974 926 1077 954 cum
1096 920 1161 956 tot
1179 921 1361 969 tamque
1378 916 1562 972 egregia
1583 917 1782 960 facinora
1798 933 1879 974 pro

240 992 430 1036 ecclesia
469 998 514 1034 et
551 1005 631 1046 pro
661 989 890 1033 Societate
919 1004 943 1031 a
967 989 1116 1032 Natali
1138 999 1313 1046 patrata
1336 993 1518 1045 fuerint,
1546 996 1654 1037 haec
1680 1001 1830 1039 tamen
1853 1010 1878 1038 a

241 1069 496 1127 praecipuis
518 1082 667 1110 rerum
691 1066 964 1110 Germaniae
987 1067 1280 1122 scriptoribus
1311 1071 1383 1112 vel
1414 1070 1622 1126 ignorata
1652 1072 1723 1114 vel
1745 1087 1876 1128 prae—

241 1146 447 1190 termissa
469 1146 541 1187 vel
563 1143 749 1186 summis
774 1150 949 1186 tantum
967 1143 1103 1186 labris
1127 1152 1310 1201 gustata
1333 1147 1487 1190 fuisse.

332 1225 389 1266 Et
411 1225 523 1266 haec
546 1221 726 1277 quidem
749 1221 806 1264 de
828 1220 1028 1275 epistolis
1052 1236 1270 1264 annorum
1301 1225 1407 1278 1562
1432 1232 1477 1267 et
1512 1226 1636 1280 1563,
1665 1228 1720 1269 ad
1743 1241 1871 1281 quas,

240 1300 391 1359 potius
409 1314 543 1354 quam
567 1299 623 1341 ad
640 1304 897 1352 sequentes,
919 1304 1125 1353 spectant
1142 1313 1311 1354 paucae
1329 1299 1505 1346 litterae
1523 1317 1641 1345 anno
1666 1304 1775 1357 1564
1793 1305 1874 1346 da-

242 1386 331 1431 tae,
359 1383 514 1432 utpote
538 1390 653 1430 quae
677 1376 770 1417 fere
793 1389 950 1418 omnes
972 1374 1018 1416 in
1048 1377 1182 1419 rebus
1211 1377 1267 1419 ab
1295 1377 1393 1433 ipso
1415 1380 1560 1422 Nadal
1582 1395 1662 1435 per
1682 1382 1876 1424 Germa—

240 1456 362 1498 niam
384 1452 526 1510 gestis
548 1458 802 1496 versantur.
831 1453 946 1494 Nam
965 1451 1152 1507 epistola
1175 1454 1363 1509 Lanoyi,
1392 1458 1559 1513 27Jan.
1583 1457 1702 1509 data,
1730 1466 1798 1501 est
1820 1459 1876 1501 de

238 1534 378 1577 rebus
400 1529 674 1574 Germaniae
692 1535 737 1572 et
755 1530 811 1572 de
828 1528 1002 1572 ratione
1020 1529 1090 1572 sui
1108 1531 1308 1573 muneris
1327 1533 1540 1575 obeundi.
1564 1534 1721 1577 Altera
1738 1550 1762 1577 a
1781 1536 1875 1578 Na-

238 1610 332 1661 tali,
359 1609 529 1650 Romae
564 1619 579 1650 1
613 1607 745 1650 Febr.
779 1605 962 1661 scripta,
995 1613 1063 1649 est
1089 1608 1189 1650 fusa
1217 1616 1262 1650 et
1285 1616 1496 1662 accurata
1519 1611 1713 1654 narratio
1737 1611 1876 1655 totius

239 1683 539 1742 expeditionis
562 1698 639 1739 per
662 1682 855 1739 collegia
873 1683 1147 1738 germanica,
1170 1684 1245 1727 ubi
1263 1684 1379 1728 inter
1397 1686 1483 1729 alia
1499 1687 1731 1730 Canisium
1750 1703 1873 1731 sum-

238 1763 323 1806 mis
337 1761 490 1804 laudib
498 1776 547 1804 us
562 1766 766 1813 exornat,
789 1760 1069 1802 «columnam
1088 1767 1132 1804 et
1146 1763 1505 1805 sustentaculum
1520 1765 1870 1808 catholicorum»

234 1841 363 1882 illum
392 1852 676 1893 nuncupans.
711 1836 927 1891 Sequitur
957 1836 1041 1880 alia
1068 1837 1258 1893 epistola
1288 1839 1435 1882 Patris
1464 1842 1629 1895 Araoz,
1661 1857 1875 1898 prospera

237 1918 296 1960 de
319 1914 539 1971 Hispania
568 1914 783 1956 nuntians
817 1920 861 1957 et
890 1914 946 1957 de
980 1914 1242 1958 fundatione
1272 1917 1452 1973 collegii
1481 1918 1779 1963 vallisoletani
1803 1921 1874 1977 (19

238 1994 407 2049 Febr.).
438 1995 637 2050 Joannes
661 1990 814 2035 Seidel
843 1991 899 2034 de
929 2005 1011 2033 sua
1041 2006 1120 2047 per
1148 2000 1364 2036 montana
1394 1995 1661 2051 Hungariae
1688 1997 1874 2052 expedi-

239 2071 376 2121 tione,
403 2070 459 2112 de
481 2067 685 2110 moribus
708 2067 886 2110 illorum
911 2068 1196 2123 populorum,
1217 2070 1273 2113 de
1291 2070 1620 2114 haereticorum
1638 2072 1727 2115 illic
1745 2088 1874 2130 gras-

238 2146 436 2191 santium
458 2146 532 2188 lue
555 2144 667 2186 mira
689 2145 910 2199 quaedam
933 2152 1113 2187 enarrat
1135 2146 1205 2202 (27
1230 2147 1384 2203 Sept).

328 2225 466 2267 Anno
502 2223 633 2277 1565,
667 2221 857 2277 epistola
897 2223 947 2264 P.
993 2223 1268 2266 Balthasaris
1298 2225 1551 2267 Hostowini
1581 2227 1637 2270 ad
1666 2229 1873 2271 Natalem

238 2302 360 2353 data,
394 2313 617 2355 quaeque,
645 2299 701 2340 ad
730 2299 933 2342 eamdem
957 2298 1293 2353 illustrandam,
1328 2309 1422 2344 tum
1452 2304 1691 2347 cardinalis
1723 2305 1869 2358 Hosii,

238 2386 336 2421 tum
358 2377 505 2420 nuntii
531 2375 884 2419 Commendonis
906 2375 952 2417 in
975 2367 1222 2431 appendice
1255 2387 1503 2434 ponuntur,
1531 2381 1586 2422 ad
1615 2381 1872 2437 ingressum

239 2454 480 2500 Societatis
508 2453 554 2495 in
582 2467 775 2509 regnum
810 2452 1048 2506 Poloniae,
1080 2453 1136 2496 de
1166 2468 1255 2509 quo
1284 2456 1574 2510 SAccniNUs,
1607 2459 1728 2501 Hist.
1764 2461 1873 2513 Soc„

240 2539 355 2589 part.
384 2533 437 2585 ΙΙ,
462 2531 539 2573 lib.
569 2545 672 2582 v111,
699 2545 776 2572 nn.
811 2543 892 2583 114
916 2537 960 2573 et
990 2541 1086 2584 115,
1112 2538 1335 2587 spectant.

331 2610 386 2650 Et
409 2610 521 2651 haec
544 2608 600 2651 de
617 2606 819 2662 epistolis
843 2606 1031 2662 aliisque
1055 2609 1359 2652 monumentis
1381 2610 1606 2654 historicis
1634 2614 1770 2670 hujus
1793 2629 1876 2658 vo-

241 2685 424 2728 luminis
447 2684 566 2727 dicta
590 2683 832 2727 sufficiant.
