1958 3210
781 174 998 209 APPEme
1630 178 1698 215 529

74 276 353 323 thematicas:
380 274 584 319 Viennae
606 288 685 330 per
707 273 948 318 triennium
971 272 1066 320 iam
1084 273 1176 315 fere
1199 270 1473 327 theologiam
1502 278 1547 314 et
1573 270 1698 313 iuxta

73 350 252 392 semper
279 333 448 390 aliquid
476 348 532 376 ex
559 331 894 390 philosophicis.
924 332 1093 375 Actum
1116 331 1321 376 Viennae
1348 345 1375 387 9
1397 329 1598 385 Augusti
1622 344 1692 372 an.

82 396 205 451 1566.
231 396 278 450 [1,
312 393 465 448 26-28]

170 467 205 496 1.
271 453 420 495 Adam
450 451 678 493 Bissooclz.
713 462 753 492 2.
787 448 962 505 Viginti
991 463 1132 491 annos
1169 455 1317 490 natus.
1361 461 1400 501 3.
1442 448 1697 490 Germanus

73 511 341 570 spirensis...
374 523 440 553 12.
467 511 510 553 A
539 516 732 564 quatuor
749 508 877 551 annis
905 507 950 550 in
973 507 1245 551 Societatem
1274 512 1482 562 receptus
1511 505 1573 548 fui
1598 507 1697 548 Mo-

74 571 276 629 guntiae‚
298 584 414 626 quae
430 577 499 612 est
515 568 561 610 in
579 567 808 623 provincia
826 566 986 609 Rheni:
1009 566 1289 609 examinatus
1306 565 1425 607 fui...
1453 577 1513 618 14
1535 564 1697 608 Laicus

74 646 191 674 sum.
231 640 297 684 15.
332 627 416 674 Eui
444 627 490 669 in
519 626 711 682 collegio
740 625 1024 681 moguntino,
1058 624 1291 667 trevirensi
1321 631 1365 667 et
1393 623 1693 667 coloniensi...

83 691 147 734 16.
170 688 291 732 Nihil
314 687 360 729 in
383 687 610 731 Societate
639 685 724 728 feci
746 692 921 740 praeter
943 684 1123 736 sarcire,
1149 683 1194 725 in
1223 682 1372 725 culina
1397 682 1626 734 inservire,
1653 690 1697 726 et

73 749 215 792 semel
235 747 387 790 literas
409 744 647 800 Moguntia
671 743 900 787 Treverim
934 743 1122 785 tulerim.
1150 741 1198 800 [1,
1231 741 1296 800 17]

167 805 313 863 [1566]
343 818 379 848 Ι.
435 805 641 847 Adamas
657 804 872 845 Hollemts
888 803 1101 855 (Homer).
1131 802 1237 855 238
1250 815 1367 843 anno
1383 801 1695 851 natus¹,nunc

72 880 162 923 ago
186 866 238 908 28
263 878 445 907 annum.
491 877 531 917 3.
572 862 766 905 Natione
788 875 1048 917 germanus,
1075 859 1297 915 provintia
1325 858 1590 910 austriacus,
1617 873 1696 914 pa-

75 926 158 968 tria
179 922 492 967 viennensis...
521 933 560 975 7.
588 923 710 964 Ante
733 920 987 975 ingressum
1019 918 1256 963 Societatis
1292 918 1503 962 versabar
1526 918 1571 958 in
1599 925 1695 959 stu-

74 984 158 1034 diis
179 999 204 1027 a
227 981 432 1039 pueritia,
455 980 615 1036 partim
638 980 683 1022 in
706 979 870 1022 scholis
893 978 1034 1021 sancti
1057 977 1273 1033 Stephani
1291 977 1509 1027 Viennae,
1536 976 1694 1031 partim

40 1060 45 1067 ’
74 1043 193 1099 apud
211 1044 408 1094 schotos,
430 1039 590 1096 partim
614 1040 734 1095 apud
751 1046 942 1081 nostros.
972 1049 1036 1080 12.
1060 1039 1285 1092 Receptus
1303 1050 1401 1078 sum
1421 1036 1477 1077 ad
1494 1035 1693 1079 Societa-

75 1109 164 1145 tem
197 1115 314 1144 anno
357 1110 433 1154 53,
469 1098 692 1141 dominica
724 1105 823 1152 post
858 1098 1020 1139 festum
1054 1096 1255 1138 omnium
1288 1096 1574 1146 Sanctorum,
1610 1095 1694 1136 sub

73 1163 131 1205 D.
150 1163 334 1215 Lanoyo
352 1166 396 1203 et
412 1160 548 1202 Patre
565 1158 782 1199 Erhardo.
796 1190 822 1198 ..
851 1168 915 1209 14.
939 1156 1013 1209 Ad
1031 1154 1329 1198 sacerdotium
1349 1160 1577 1208 promotus
1596 1167 1693 1195 sum

73 1234 192 1263 anno
215 1220 285 1262 61:
311 1218 356 1260 in
379 1217 451 1260 die
474 1218 521 1261 S.
550 1216 713 1272 Philipi
736 1222 780 1258 et
798 1215 954 1272 Jacobi
972 1214 1177 1269 primitus
1195 1212 1431 1257 celebravi.
1467 1222 1530 1265 15.
1559 1213 1607 1253 In
1625 1212 1694 1253 di-

73 1278 215 1323 versis
245 1276 448 1333 collegiis
475 1279 695 1319 hactenus
723 1281 929 1317 versatus
958 1288 1056 1315 sum
1085 1273 1154 1315 his
1190 1285 1239 1326 13
1269 1271 1397 1314 annis
1426 1271 1471 1312 in
1501 1270 1694 1325 collegio

73 1336 348 1389 viennenssi‚
388 1335 616 1391 pragensi,
657 1348 856 1385 romano,
899 1331 1250 1387 tyrnavienssi...
1295 1332 1360 1373 18.
1387 1332 1436 1372 111
1466 1330 1579 1372 festo
1602 1331 1694 1372 Na-

74 1397 259 1440 tivitatis
280 1394 465 1439 Domini
486 1401 592 1436 vota
614 1392 699 1436 feci
722 1407 841 1435 anno
862 1393 916 1445 56
935 1393 1111 1447 Pragae
1128 1392 1212 1433 sub
1233 1392 1364 1432 Patre
1382 1391 1588 1433 Usmaro:
1610 1402 1693 1431 nec

73 1456 158 1500 alia
179 1456 324 1498 habeo
341 1460 462 1496 vota.
484 1453 533 1510 [1,
566 1464 632 1506 15,
664 1453 728 1507 16]

168 1528 203 1557 1.
268 1514 475 1556 Adamas
509 1513 662 1554 Nz'den
695 1508 968 1553 trevirensis.
1003 1521 1043 1551 2.
1066 1509 1202 1551 Anno
1222 1518 1291 1561 50.
1335 1520 1374 1561 3.
1413 1504 1693 1548 Trevirensis

75 1573 284 1626 nationis,
318 1571 578 1628 provinciae
609 1569 824 1620 renensis,
851 1567 993 1623 patria
1023 1566 1336 1611 trevirensis...
1370 1577 1434 1608 Ι2.
1463 1566 1578 1608 Sunt
1601 1565 1693 1606 duo

75 1647 267 1677 menses.
303 1630 368 1689 [In
400 1630 611 1687 collegio]
644 1627 880 1673 trevirensi
914 1626 1188 1670 Renensis...
1218 1637 1282 1678 14.
1305 1626 1407 1667 Ν611
1426 1638 1525 1665 sum
1543 1637 1694 1666 sacer*

73 1693 170 1735 dos:
195 1692 339 1734 habeo
360 1689 548 1746 primam
568 1696 814 1731 tonsuram.
858 1697 923 1740 15.
960 1684 1230 1729 Trevirensi.
1246 1718 1272 1727 ..
1300 1684 1365 1726 16.
1389 1682 1559 1726 Studiis
1582 1682 1694 1724 libe-

73 1751 241 1794 ralibus
260 1764 460 1805 -operam
483 1748 586 1791 dedi
609 1754 713 1792 ante
750 1747 1027 1802 ingressum,
1054 1744 1188 1799 idque
1212 1742 1425 1794 Treviris,
1457 1742 1536 1784 sed
1559 1755 1693 1783 num-

73 1824 207 1865 quam
231 1810 275 1851 in
300 1808 543 1860 Societate,
569 1822 648 1863 per
672 1807 698 1849 6
721 1820 878 1848 annos.
905 1803 953 1861 [1,
981 1803 1051 1860 26]

168 1882 183 1912 1
248 1869 487 1910 Adrianus
515 1867 711 1923 Luffius.
748 1877 788 1908 2.
823 1863 1136 1919 Quadraginta
1164 1868 1359 1916 septem,
1392 1858 1429 1901 si
1457 1865 1578 1900 recte
1600 1871 1693 1899 me—

72 1927 195 1970 mini.
224 1941 263 1982 3.
293 1929 359 1969 Ex
381 1926 576 1969 confinio
607 1923 892 1974 Brabantiae,
920 1921 1189 1964 Hollandiae
1212 1927 1256 1963 et
1279 1918 1505 1969 Geldriae,
1532 1933 1555 1960 e
1578 1931 1693 1972 pago

72 1988 210 2043 vulgo
240 1986 556 2040 Harrdvvych,
590 1985 768 2026 duobus
806 1981 1053 2024 miliaribus
1076 1995 1100 2022 a
1124 1978 1456 2022 Buscoducis...
1491 1988 1555 2018 12.
1583 1977 1694 2017 Tres

38 2061 43 2066 ·
71 2046 177 2088 anni
219 2046 264 2088 in
307 2044 501 2100 collegio
543 2042 787 2086 treverensi
825 2039 1080 2097 provinciae
1118 2041 1367 2080 rhenanae:
1412 2034 1693 2078 examinatus

73 2105 190 2148 fui...
238 2117 303 2157 14.
345 2105 457 2148 Sum
494 2103 718 2146 sacerdos.
767 2111 831 2155 15.
868 2101 917 2142 In
951 2099 1073 2141 nullo
1111 2097 1197 2140 alio
1227 2111 1361 2152 quam
1390 2093 1687 2138 tervirensi...

79 2165 143 2206 18.
171 2166 338 2211 Votum
361 2163 555 2219 primurn
577 2161 623 2204 in
645 2161 871 2205 Societate
895 2158 979 2201 feci
1009 2164 1112 2200 ante
1137 2155 1378 2198 triennium
1401 2155 1508 2204 fere,
1535 2167 1693 2207 nempe

69 2224 237 2280 4Jun11
266 2223 388 2276 1564-
416 2222 465 2279 [1,
489 2221 588 2278 3451
684 2280 689 2287 ,
908 2277 913 2283 ,
1451 2269 1458 2276 ,
1516 2268 1523 2276 ,

165 2295 201 2324 1.
268 2282 469 2324 Amardus
491 2279 689 2323 Arnoldz
725 2277 983 2321 Uranclms.
1018 2287 1058 2317 2.
1085 2275 1230 2316 Natus
1259 2285 1399 2314 annos
1422 2276 1597 2312 cnclter
1620 2268 1689 2310 26.

73 2354 113 2394 3.
141 2340 502 2383 Buscoducensis
518 2337 812 2381 brabantinus
830 2343 965 2389 atque
983 2346 1226 2389 germanus
1255 2329 1454 2380 inferior,
1490 2328 1572 2369 sub
1597 2326 1694 2368 dio<

72 2399 162 2442 cesi
185 2399 455 2442 leodiensi...
495 2410 560 2441 12.
594 2399 819 2451 Receptus
847 2409 945 2437 sum
974 2393 1017 2434 in
1043 2391 1312 2436 Societatem
1336 2403 1414 2444 per
1437 2401 1580 2429 annos
1604 2386 1695 2428 fere

69 2472 149 2500 sex
171 2474 196 2501 a
218 2460 270 2501 R.
300 2460 350 2501 P.
377 2457 616 2502 Leonardo
633 2456 679 2498 in
696 2452 938 2499 Germania
956 2449 1169 2502 inferiori,
1190 2449 1235 2490 in
1254 2446 1446 2502 collegio
1466 2444 1694 2487 colonien-

71 2517 161 2560 si...
195 2530 260 2571 14.
288 2516 549 2562 Sacerdotio
566 2515 651 2559 Dei
670 2513 816 2571 gratia
839 2511 1040 2568 initiatus
1069 2523 1182 2552 sum.
1223 2518 1288 2561 15.
1320 2506 1404 2549 Fui
1435 2505 1478 2546 in
1502 2502 1696 2557 collegio

69 2576 329 2620 coloniensi.
357 2576 405 2632 [1,
434 2588 504 2633 29,
532 2575 601 2632 36]
1541 2619 1548 2626 .
1591 2619 1598 2626 ·

166 2648 201 2678 Ι.
267 2635 470 2677 Alardus
488 2634 810 2676 quaazckaenus
827 2628 873 2687 [Ρ]
902 2643 943 2673 2.
970 2631 1115 2672 Natus
1138 2639 1278 2669 annos
1303 2622 1479 2665 circiter
1497 2626 1694 2675 triginta.

75 2706 115 2748 3.
135 2695 391 2738 Germanus
409 2709 508 2736 sum
526 2691 724 2744 inferior,
739 2691 986 2732 brabantus
1004 2694 1048 2730 et
1064 2681 1430 2728 buscoducensiS.
1444 2714 1470 2722 ..
1494 2691 1557 2722 12.
1576 2679 1696 2743 Ante

75 2766 216 2796 annos
250 2752 480 2805 undecim,
521 2766 638 2794 anno
673 2751 742 2804 56.
791 2762 856 2802 14.
898 2747 1116 2792 Sacerdos
1154 2757 1267 2786 sum.
1316 2752 1380 2794 15.
1422 2740 1469 2781 In
1507 2738 1698 2791 collegio

71 2811 332 2864 coloniensi,
359 2810 589 2868 provincia
617 2808 819 2853 Rheni...
846 2807 1002 2852 Solum
1025 2805 1071 2847 in
1092 2806 1179 2845 hoc
1207 2798 1450 2843 coloniensi
1473 2796 1537 2839 fui
1559 2796 1698 2838 colle-

143 2943 152 2963 ¹
203 2941 246 2976 Id
265 2946 339 2985 est,
360 2946 474 2976 natus
493 2951 593 2975 anno
611 2937 716 2984 1538.
