1958 3210
814 156 899 201 1561
1626 164 1666 199 71

136 302 250 344 134
714 313 1017 352 MONTEREGIJ

136 412 271 456 Venit
292 414 381 456 huc
404 411 537 456 etiam
569 411 925 463 Bustamantius,
957 427 1078 464 nam,
1111 426 1249 466 quum
1278 427 1414 468 aegre
1444 411 1672 456 videretur

48 489 272 534 rediturus
304 487 348 531 in
371 503 498 531 suam
528 487 806 543 prouinciam
843 495 1024 543 propter
1061 502 1260 541 causam,
1293 504 1426 543 quam
1464 488 1672 544 superius

5 573 13 579 ”
46 565 193 622 attigi,
213 565 503 608 commodum
526 564 764 608 videbatur
787 571 834 606 vt
856 580 928 608 me
950 564 1128 608 iuuaret
1150 564 1196 606 in
1223 565 1494 617 visitatione,
1525 565 1670 608 donec

46 644 101 686 ad
123 642 219 686 eius
241 641 519 697 prouinciam
552 641 839 684 veniremus(
857 640 1033 684 Mutaui
1061 647 1209 683 tamen
1232 648 1389 696 postea
1410 643 1497 683 hoc
1519 641 1670 684 consi-

45 720 167 771 lium,
193 725 238 761 et
266 718 552 773 Monteregio
580 717 705 760 illum
734 717 884 760 remisi
912 718 957 759 in
986 732 1113 761 suam
1142 718 1437 773 prouinciam,
1468 719 1572 761 data
1600 717 1671 759 in—

44 795 305 848 structione3
331 809 421 836 non
444 794 562 838 enim
586 793 732 836 visum
754 802 824 836 est
845 795 1118 847 consultum,
1143 802 1192 836 vt
1213 801 1386 836 careret
1408 794 1673 850 prouinciali

43 871 273 928 prouincia
292 879 381 913 tam
404 870 497 922 diu,
518 878 563 913 et
586 885 673 926 ego
691 885 782 913 non
799 872 991 927 egebam
1013 871 1112 914 eius
1132 885 1268 926 opera
1295 870 1300 927 Ι
1328 870 1375 912 in
1391 869 1671 924 visitatione,

43 958 87 993 et
109 948 169 990 illi
193 948 321 990 facile
344 962 609 1003 persuasum
632 954 701 991 est
722 955 771 990 vt
793 949 850 990 ad
872 962 979 990 suos
1001 947 1181 991 rediret.
1215 949 1322 990 Erat
1344 947 1390 989 in
1418 949 1504 990 hoc
1532 948 1670 991 colle-

42 1025 117 1081 gio
154 1026 299 1067 bonus
338 1026 390 1067 P.
423 1025 812 1078 Valderrauanus,
850 1025 859 1044 ¹
891 1031 1052 1067 rector.
1087 1024 1330 1068 Habebant
1358 1037 1386 1077 4
1415 1024 1582 1068 classes
1625 1032 1670 1066 et

41 1102 338 1157 professorem
374 1115 561 1143 casuum
589 1100 908 1144 conscientiae.
942 1103 1081 1144 Erant
1114 1101 1414 1153 incommode,
1453 1108 1667 1157 anguste,

41 1178 136 1221 sine
159 1177 362 1229 ecclesia,
388 1177 486 1221 sine
509 1177 789 1229 fundatione,
826 1192 965 1232 quum
989 1178 1046 1220 sit
1074 1177 1287 1233 oppidum
1317 1184 1454 1222 tenue
1481 1177 1557 1220 vix
1585 1179 1667 1220 do-

39 1269 211 1297 morum
250 1267 322 1307 4o;
363 1269 416 1298 eo
455 1262 604 1297 tamen
637 1269 662 1296 a
688 1254 851 1296 vicinis
888 1254 1034 1310 pagis,
1075 1256 1131 1297 ad
1167 1254 1383 1298 lectiones
1419 1254 1669 1298 conuenie-

38 1332 146 1374 bant
166 1332 223 1374 ad
259 1345 345 1384 400
374 1331 630 1374 scholastici
659 1331 903 1383 auditores,
930 1331 1123 1375 maxima
1145 1348 1199 1376 ex
1222 1339 1349 1387 parte
1386 1331 1662 1387 pauperculi.

38 1409 302 1451 Afferebant
325 1423 415 1450 non
439 1409 785 1464 vu1135garem
811 1409 1022 1451 fructum.

125 1485 332 1537 Visitaui;
359 1500 449 1540 quo
472 1485 653 1528 nomine
683 1486 960 1541 complector
990 1486 1213 1538 examina,
1239 1485 1564 1539 confessiones,
1596 1500 1668 1527 re-

39 1561 326 1606 nouationem
368 1570 592 1614 votorum,
624 1577 739 1617 quae
770 1563 862 1605 fere
891 1563 1076 1615 fiebant,
1108 1571 1154 1605 et
1181 1562 1532 1606 exhortationes
1564 1563 1669 1606 Non

38 1637 182 1693 potuit
204 1638 278 1694 agi
302 1640 357 1681 de
381 1638 662 1690 fundatione,
689 1640 812 1694 quod
833 1654 984 1682 comes
1007 1654 1097 1682 non
1119 1641 1288 1683 aderat.
1316 1640 1453 1694 Quod
1470 1640 1525 1681 ad
1542 1639 1666 1683 aedi—

37 1713 186 1757 ficium
210 1714 385 1766 attinet,
417 1715 683 1770 praescripsi
712 1730 827 1770 quae
866 1716 1153 1761 videbantur.
1177 1716 1293 1758 Illud
1315 1715 1439 1768 item,
1465 1723 1514 1757 vt
1539 1730 1666 1758 com—

38 1791 210 1834 modius
225 1806 323 1834 esse
342 1800 542 1847 possent,
563 1792 735 1836 interea
753 1793 859 1834 dum
879 1808 1049 1836 nouum
1068 1793 1383 1836 aedificaretur
1400 1792 1660 1849 collegium.

125 1867 228 1910 Vidi
270 1868 591 1921 eremitorium,
632 1869 729 1913 siue
773 1869 1029 1912 inchoatam
1071 1869 1331 1923 ecclesiam,
1376 1869 1565 1912 miliario
1606 1871 1663 1912 ab

34 1942 216 1999 oppido,
243 1959 358 1999 quae
381 1945 512 1988 nobis
533 1953 629 1989 erat
652 1947 772 1988 data.
807 1946 979 1990 Censui
996 1946 1117 1989 illam
1140 1947 1154 1967 ²
1183 1946 1191 2004 Ι
1219 1947 1342 1989 nulla
1363 1946 1539 1990 ratione
1561 1960 1661 1989 esse

36 2019 330 2074 retinendam,
352 2029 534 2077 propter
552 2030 790 2077 quaestum
808 2023 1195 2078 eleemosynarum
1213 2030 1258 2066 et
1269 2022 1591 2079 obligationem
1605 2024 1661 2065 ad

36 2095 205 2151 aliquas
227 2097 386 2140 missas
408 2098 719 2152 celebrandas,
744 2114 861 2154 quae
883 2099 1122 2144 videbatur
1144 2100 1375 2155 subsequi.

126 2173 292 2216 Habita
319 2174 392 2217 hic
422 2174 507 2216 fuit
541 2176 555 2195 ⁵
586 2190 677 2217 non
717 2175 955 2219 incelebris
991 2175 1237 2232 disputatio
1275 2176 1546 2231 theologica,
1586 2175 1660 2218 cui

36 2248 239 2294 interfuit
275 2252 433 2294 doctor
477 2253 679 2296 Oroscus
716 2260 761 2296 et
800 2253 1154 2296 Bustamantius.
1196 2253 1377 2297 Acriter
1412 2252 1660 2309 disputauit

36 2326 317 2383 Rengiphus,
342 2329 568 2383 professor
589 2344 794 2372 casuum.

122 2402 280 2446 Visum
318 2412 387 2447 est
423 2419 559 2461 egere
587 2407 674 2448 hoc
707 2406 951 2463 collegium
973 2407 988 2427 ⁴
1026 2407 1173 2463 gratia
1195 2414 1240 2451 et
1268 2406 1433 2450 auxilio
1461 2405 1659 2462 episcopi

34 2479 267 2534 auriensis,
292 2483 377 2524 sub
399 2481 530 2524 cuius
553 2490 621 2526 est
642 2483 827 2536 diocesi,
848 2490 1085 2539 propterea
1105 2484 1209 2527 veni
1232 2485 1288 2527 ad
1305 2499 1409 2528 eum
1425 2498 1530 2526 cum
1547 2485 1657 2528 Val-

31 2555 272 2600 derauano.
309 2560 379 2601 De
408 2559 589 2614 collegii
621 2559 886 2604 fundatione
917 2561 1032 2602 136
1062 2561 1136 2616 egi
1169 2568 1325 2616 postea
1356 2560 1660 2604 Salmanticae

31 2644 132 2685 cum
150 2648 272 2676 nouo
294 2635 456 2678 comite
478 2636 566 2678 don
592 2635 873 2691 Hieronymo
897 2639 926 2679 ⁵.

104 2716 113 2735 ¹
165 2716 240 2750 Ms.
253 2743 262 2760 ‚
291 2717 582 2753 Valderrauus.

98 2776 111 2795 ²
162 2775 207 2810 In
228 2788 301 2811 ms.
328 2778 446 2812 illam
465 2778 673 2824 repetitur.

102 2833 115 2852 ³
166 2834 262 2878 Ms.,
281 2836 443 2882 hicfuit
460 2838 537 2872 hic.

104 2893 118 2912 ⁴
167 2893 243 2928 Ms.
254 2922 263 2939 ‚
281 2896 462 2943 collegia

102 2952 118 2971 ⁵
168 2952 230 2987 Ni]
251 2953 289 2988 in
307 2954 376 2989 fol.
406 2954 471 2989 136
491 2969 526 2991 v.
549 2957 734 3003 scriptum
754 2957 843 2993 fuit.
