1958 3210
1950 144 1952 162 Ι

228 196 273 238 84
794 189 836 222 P.
868 188 1055 223 NATALls
1084 188 1301 224 EPHEMER.
1951 154 1958 215 i

233 293 477 338 Araozium
502 292 559 334 ad
583 291 730 333 aulam
753 290 810 332 de
828 290 964 333 rebus
988 289 1197 333 omnibus
1219 296 1270 331 vt
1291 304 1371 345 pro
1400 303 1471 332 me
1500 303 1682 332 causam
1716 295 1874 344 ageret
1954 277 1958 308 ¹*

235 371 353 427 apud
375 369 677 424 hispalensem
700 374 745 411 et
769 366 981 421 reliquos.
1009 368 1050 409 Is
1073 381 1214 421 quum
1238 366 1462 422 redijsset,
1489 365 1643 410 retulit
1660 380 1754 408 non
1774 379 1873 408 esse

240 447 359 502 quod
395 444 587 501 amplius
614 444 697 487 sim
727 443 930 486 solicitus
958 444 1015 487 de
1043 443 1305 499 hispalensi:
1342 442 1405 485 illi
1439 458 1539 486 esse
1573 442 1870 486 satisfactum:

242 524 363 578 quod
406 522 462 564 ad
513 520 842 572 visitationem,
898 534 1031 576 posse
1072 534 1143 563 me
1184 519 1367 563 visitare
1418 520 1661 563 Castellam
1703 526 1875 562 Vtram-

249 616 351 656 que,
375 606 463 643 etc.
496 600 522 642 ¹.

333 676 439 720 Fuit
459 676 568 718 mihi
591 678 677 718 hoc
716 675 913 719 edictum
952 673 1326 730 ingratissimum,
1363 681 1408 717 et
1441 674 1635 717 mirabar
1662 674 1668 732 Ι
1697 673 1875 728 quidem

247 769 336 796 non
374 766 506 810 posse
525 751 769 796 Araozium
794 752 922 806 plura
960 751 1193 806 consequi,
1229 750 1306 806 qui
1337 758 1513 793 tantum
1550 751 1723 795 valeret
1760 751 1880 806 apud

249 830 520 874 Rodericum
544 836 589 873 et
617 843 772 884 regem
802 836 848 871 et
878 827 1026 884 gratia
1055 835 1100 870 et
1129 828 1414 871 auctoritate.
1449 829 1581 870 Eram
1614 835 1764 871 tamen
1793 834 1882 870 tam

251 909 368 951 laeto
391 906 540 949 animo
578 920 630 948 ac
669 906 930 958 confidenti,
958 920 1092 960 quam
1130 920 1377 960 numquam
1402 912 1537 949 antea
1574 905 1620 947 in
1658 904 1885 949 Societate

253 983 432 1028 memini
456 998 527 1026 me
556 983 711 1035 fuisse;
740 998 856 1038 quae
874 983 1082 1026 alacritas
1101 982 1207 1027 fecit
1223 990 1273 1024 vt
1290 982 1427 1037 aliqui
1451 982 1790 1038 suspicarentur
1812 996 1885 1024 me
1914 1040 1922 1043 ὓ

258 1076 311 1105 eo
328 1061 476 1104 animo
493 1075 608 1111 esse,
631 1061 752 1114 quod
770 1075 860 1102 non
878 1061 1107 1104 crederem
1125 1075 1233 1104 vera
1254 1073 1369 1110 esse,
1391 1074 1506 1114 quae
1524 1066 1785 1115 agerentur,
1805 1058 1885 1101 sed

258 1139 420 1191 efficta;
450 1138 571 1192 quod
593 1151 680 1193 ego
703 1137 952 1180 monstraui
969 1151 1100 1181 secus
1123 1152 1223 1181 esse
1240 1151 1374 1191 quam
1398 1137 1649 1179 crederent:
1683 1150 1754 1178 me
1771 1134 1887 1177 scire

261 1216 333 1257 illa
356 1230 463 1258 veia
484 1213 629 1272 [esse],
656 1221 701 1257 et
723 1221 771 1256 vt
794 1214 912 1258 veris
932 1228 1184 1258 occurrere.

352 1292 563 1335 Videram
587 1292 699 1335 1138
727 1291 925 1334 animum
955 1292 969 1312 ²
1000 1291 1182 1347 Araozij
1215 1306 1325 1348 erga
1345 1293 1406 1348 ιΡ.
1434 1291 1691 1347 generalem
1724 1296 1770 1332 et
1799 1291 1883 1332 Po·-

265 1370 443 1412 lancum
480 1383 579 1413 esse
616 1370 950 1421 exacerbatum,
986 1370 1101 1412 adeo
1137 1376 1186 1411 vt
1219 1383 1450 1412 censerem
1483 1367 1803 1420 necessarium,
1844 1373 1893 1408 vt

265 1454 445 1489 narrata
472 1462 579 1490 vera
615 1446 765 1501 aliqua
793 1445 1059 1497 offensione,
1091 1461 1224 1500 quam
1243 1429 1342 1501 ‘ego
1376 1461 1432 1488 ex
1460 1445 1546 1487 illis
1581 1458 1892 1500 conceperam,

265 1538 468 1566 curarem
492 1538 596 1567 eum
619 1539 644 1566 a
661 1538 733 1566 me
754 1538 842 1567 non
867 1522 1127 1574 obalienari,
1154 1524 1274 1578 quod
1296 1522 1483 1567 videbar
1504 1529 1792 1565 consecutus:
1812 1535 1897 1562 vo—

273 1600 356 1643 luit
377 1607 501 1645 certe
529 1616 601 1644 me
623 1600 860 1653 demereri,
892 1601 1014 1655 quod
1036 1599 1303 1656 suffragium
1327 1599 1436 1642 mihi
1464 1599 1677 1651 dedisset,
1705 1601 1900 1655 (contra—

272 1678 386 1719 rium
409 1684 560 1722 tamen
588 1692 676 1734 ego
707 1684 862 1733 postea
889 1676 1044 1719 audiui
1071 1692 1096 1718 a
1128 1679 1177 1721 P.
1207 1677 1374 1732 Layne)
1404 1677 1526 1731 quod
1554 1675 1663 1718 mihi
1694 1675 1895 1718 fauisset.

360 1756 583 1798 Notabam
607 1763 757 1798 tamen
780 1754 928 1797 omnia
950 1753 996 1795 in
1019 1754 1262 1809 ephemeri,
1288 1768 1403 1808 quae
1425 1753 1471 1796 in
1494 1753 1590 1809 ipso
1613 1752 1722 1795 mihi
1744 1752 1900 1808 displi-

275 1833 453 1883 cebant,
480 1831 595 1875 inter
618 1846 732 1886 quae
754 1831 864 1873 illud
888 1830 987 1882 fuit,
1015 1833 1137 1885 quod
1164 1830 1172 1888 Ι
1200 1832 1347 1873 adhuc
1366 1832 1380 1852 ³
1406 1830 1628 1875 retinebat
1644 1828 1898 1886 persuasio-

276 1922 379 1951 nem
402 1922 493 1950 non
515 1923 614 1952 esse
638 1911 689 1951 P.
718 1909 916 1963 Laynem
941 1909 1215 1963 generalem,
1241 1909 1392 1963 elapso
1411 1907 1618 1952 triennio.
1640 1907 1756 1950 Illud
1771 1920 1903 1962 prae—

278 1992 413 2037 terea,
441 1986 561 2039 quod
583 1984 811 2028 videretur
827 1984 1221 2027 commoditatibus
1238 1984 1368 2040 regni
1391 1984 1589 2028 externis
1614 1983 1787 2027 moueri
1809 1997 1906 2024 ma—

280 2061 365 2117 gis,
391 2061 536 2118 magis
559 2062 647 2117 illjs
670 2062 837 2113 fauere,
864 2076 996 2116 quam
1028 2061 1268 2105 Societatis
1290 2061 1496 2104 instituto
1525 2069 1570 2105 et
1600 2064 1650 2104 P.
1684 2059 1910 2117 generalis

282 2138 581 2182 obedientiae.

370 2216 526 2271 Quum
548 2217 659 2260 haec
684 2216 744 2258 ita
772 2225 939 2267 essent,
975 2216 1111 2258 statui
1140 2224 1391 2260 extremum
1419 2216 1669 2260 remedium
1697 2215 1911 2258 adhibere

283 2292 388 2335 huic
411 2293 543 2344 malo,
568 2292 614 2335 id
636 2300 721 2347 est,
747 2292 808 2335 ita
830 2307 992 2348 vrgere
1016 2293 1259 2335 Araozium
1278 2293 1455 2346 acriter,
1476 2300 1524 2335 vt
1541 2292 1813 2336 dificultates
1830 2306 1910 2334 ex-

286 2369 473 2425 pediret,
499 2370 571 2413 vel
594 2371 725 2425 plane
754 2384 803 2412 se
831 2369 1024 2425 aperiret
1054 2370 1087 2423 ¹⁴,
1119 2377 1167 2412 vt
1198 2370 1357 2414 scirem
1388 2384 1479 2424 quo
1508 2371 1608 2413 loco
1641 2375 1760 2413 esset
1792 2369 1911 2424 apud

286 2461 356 2489 me
378 2453 423 2489 et
446 2446 718 2491 Societatem
742 2448 937 2489 futurus.
972 2448 1073 2489 Hoc
1101 2462 1241 2501 quum
1269 2448 1677 2503 aggreflssssderer,
1708 2460 1793 2489 nec
1819 2446 1912 2502 pla-

286 2531 441 2567 cerent
462 2539 578 2580 quae
599 2525 908 2580 responderet,
934 2525 1114 2566 admota
1134 2523 1265 2580 graui
1288 2525 1480 2579 quadam
1503 2523 1812 2580 impressione,
1833 2523 1914 2566 de*

290 2601 397 2656 stitj‚
424 2601 534 2643 nihil
551 2601 743 2657 amplius
761 2608 1006 2657 expectans
1020 2601 1146 2643 illum
1169 2615 1351 2644 causam
1380 2616 1479 2645 esse
1508 2608 1706 2644 nostram
1736 2600 1920 2643 adiutu-

367 2824 376 2842 ¹
429 2821 688 2867 SACCHINUS‚
705 2823 779 2857 loc.
796 2822 879 2866 cit.,
896 2833 933 2856 n.
953 2830 1015 2866 42.

364 2883 377 2901 ²
428 2881 473 2915 In
492 2892 563 2916 ms.
584 2881 657 2916 hoc
676 2882 840 2916 verbum
860 2880 1056 2916 iteratum.

364 2941 378 2960 ³
428 2941 524 2985 Ms.,
544 2942 598 2975 ad
615 2941 763 2975 adhuc.

365 3001 378 3020 ⁴
428 2999 515 3044 Ms.,
535 3000 734 3046 aperitur.
