1958 3210
778 126 1002 162 APPENDIX
1631 128 1702 173 665

72 234 223 271 tamen
251 227 295 269 in
326 229 440 270 Deo.
474 229 731 280 Caeterum,
766 227 851 270 nisi
887 227 1141 270 emendatio
1174 228 1323 282 aliqua
1360 229 1528 273 decreti
1565 230 1701 273 huius

71 286 204 329 fuerit
227 294 486 339 consecuta,
520 287 752 331 discedere
779 286 909 329 nobis
938 294 1110 330 certum
1133 294 1216 330 est.
1249 289 1413 330 Rdum.
1443 290 1493 330 P.
1531 289 1698 331 Arnol-

70 346 177 388 dum
200 346 338 388 habui
361 345 406 387 in
437 346 652 388 comitatu
682 360 803 398 meo,
835 360 968 400 quem
991 347 1047 388 de
1076 347 1313 389 uoluntate
1345 347 1490 389 Patris
1512 348 1700 400 rectoris

69 404 205 447 michi
227 405 536 456 adiunxeram,
565 413 613 447 ut
636 413 756 449 esset
778 404 851 447 hic
873 405 1007 447 michi
1031 420 1056 447 a
1074 405 1211 448 sacris
1231 406 1461 448 faciendis.
1489 407 1529 449 Is
1548 415 1697 449 autem

69 471 114 506 et
137 463 209 519 pie
232 471 276 507 et
304 464 513 519 religiose
542 478 589 506 se
619 463 779 520 gessit,
811 471 862 506 ut
889 463 1024 506 michi
1056 479 1149 506 non
1178 465 1375 519 potuerit
1405 467 1490 507 hoc
1518 466 1698 509 nomine

69 523 200 565 ualde
222 525 384 565 charus
407 538 497 565 non
521 537 634 567 esse.
662 523 895 566 Maluisset
917 530 1068 565 autem
1097 523 1143 566 in
1172 524 1341 566 Italiam
1372 524 1520 579 potius
1543 540 1697 569 reuer-

68 581 116 633 ti,
143 596 276 636 quarn
300 581 422 625 abire
450 582 495 624 in
518 582 790 634 Flandriam,
815 581 988 633 multis,
1023 589 1072 623 ut
1100 582 1195 637 ipse
1223 583 1357 625 michi
1391 584 1610 635 narrauit,
1642 586 1698 627 de

65 640 230 693 causis;
256 642 336 683 sed
357 641 567 695 quoniam
591 643 703 685 haec
725 648 794 684 est
816 640 1095 696 superiorum
1126 641 1222 684 eius
1246 643 1480 694 uoluntas,
1507 650 1556 684 ut
1579 658 1626 685 se
1652 643 1697 685 in

68 699 305 755 Belgicum
334 700 542 755 recipiat,
571 700 703 743 faciet
726 715 815 742 non
839 700 1206 755 grauatimquod
1235 703 1489 743 mandatur.
1522 703 1698 746 Interea

66 761 118 801 Ρ.
141 760 286 802 Vnae
314 758 445 800 simul
465 768 509 801 et
529 761 656 801 Rmo.
678 759 862 801 domino
880 759 1046 802 vicario
1065 759 1188 801 illum
1207 760 1446 815 diligenter
1465 775 1696 805 commen--

65 818 138 869 do,
166 825 300 872 atque
325 825 374 859 ut
397 833 499 861 eum
522 818 837 862 beneuolentia
860 833 941 860 sua
964 826 1240 874 paternaque
1258 819 1572 863 benedictione
1591 835 1695 875 pro—

64 877 191 932 sequi
215 876 372 928 uelint,
399 892 576 931 quaeso.
605 878 742 932 Quod
766 884 968 933 preterea
990 877 1199 930 scribam,
1226 880 1311 920 hoc
1336 886 1536 933 tempore
1559 879 1696 922 nichil

63 945 147 979 est.
175 937 298 991 Opto
319 938 368 978 P.
393 938 552 979 Vnam
571 937 650 979 diu
667 951 766 980 esse
783 936 1052 979 incolumem
1073 943 1117 979 et
1136 936 1354 988 foelicem,
1377 938 1505 980 cuius
1523 953 1593 981 me
1611 938 1696 994 piis

65 995 276 1051 precibus
295 1002 339 1038 et
357 995 586 1038 sacrificiis
605 996 887 1039 commendo.
908 997 1076 1038 Datum
1096 995 1397 1047 Petricouiae,
1424 997 1495 1040 die
1514 1012 1539 1038 v
1558 997 1694 1053 Apri—

63 1054 117 1096 lis
140 1069 258 1097 anno
280 1054 462 1096 Domini
487 1069 743 1098 M.D.L.x.v.

150 1115 256 1155 Alia
279 1128 436 1155 manu.-
459 1114 547 1157 Vbi
570 1115 671 1168 plus
694 1113 771 1155 otii
795 1128 819 1154 a
842 1113 1034 1168 publicis
1050 1114 1421 1168 occupationibus
1442 1115 1567 1157 fuero
1585 1129 1687 1158 con-

61 1180 298 1227 sequutus,
324 1172 514 1215 scribam
539 1173 759 1228 pluribus.
786 1174 921 1215 Nunc
949 1173 1217 1216 breuitatem
1251 1175 1367 1215 hanc
1396 1173 1505 1216 boni
1527 1189 1693 1217 consu-

60 1232 155 1274 lant
193 1234 245 1274 P.
288 1233 434 1274 Vnae
451 1266 460 1284 ,
503 1239 547 1273 et
584 1247 665 1286 pro
703 1245 774 1274 me
812 1233 960 1275 Deum
1000 1231 1199 1287 praecari
1242 1247 1332 1275 non
1376 1232 1689 1276 intermittant.

63 1292 114 1333 P.
144 1292 290 1334 V‚trae
319 1292 454 1333 frater
477 1290 522 1332 in
547 1289 743 1343 Christo,
1269 1324 1272 1328 .

466 1351 785 1400 STANISLAUS,
823 1363 1111 1393 CARDINALIS
1147 1364 1452 1393 VARMIENSIS.

148 1410 391 1463 Inscm'piio
413 1410 462 1450 z'n
481 1413 647 1464 quarta
664 1411 861 1465 pagina:
879 1410 992 1451 Rdo.
1017 1408 1155 1460 Patri,
1176 1409 1359 1451 domino
1377 1411 1550 1466 Jacobo
1574 1412 1581 1430 ¹
1604 1412 1685 1452 Po-

58 1468 206 1520 lanco,
252 1482 406 1511 sacrae
450 1468 705 1524 theologiae
747 1468 919 1510 doctori
961 1476 1006 1510 et
1044 1468 1284 1512 Societatis
1316 1471 1425 1525 Jesu
1470 1470 1692 1511 cancella-

58 1527 139 1579 rio,
165 1535 272 1579 etc.,
298 1527 344 1570 in
368 1528 549 1570 Christo
573 1527 836 1570 charissimo
861 1534 906 1571 et
929 1528 1211 1569 honorando.
1238 1528 1345 1569 Alia
1370 1543 1524 1569 mama·
1554 1530 1682 1582 1565.

59 1586 358 1630 Petricouiae.
386 1586 636 1630 Cardinalis
659 1586 940 1630 varmiensis.
968 1588 1009 1629 V
1034 1586 1218 1642 Aprilis.
1251 1587 1408 1643 sigilli
1429 1588 1688 1643 vestigium.

800 1736 947 1778 XLIX

626 1829 838 1865 URSULA
865 1828 1121 1864 FUGGERA

519 1921 701 1952 SANCTO
735 1920 999 1950 FRANCISCO
1024 1920 1235 1950 BORGIAE

458 1998 715 2052 Augustae,
764 2006 817 2050 25
864 1995 1036 2051 ApriliS
1086 1995 1193 2049 1565
1239 1995 1253 2015 ²

59 2084 216 2120 canisii
229 2086 406 2120 absentia
422 2088 703 2120 confzznovetur.
718 2085 825 2119 Eum
839 2084 1085 2119 Germaniae
1102 2084 1460 2130 restiz‘uz'postztlat:
1476 2084 1688 2123 maritum,

302 2133 427 2179 filios,
447 2133 795 2179 totamfamiliam
813 2144 930 2166 suam
951 2132 1129 2178 Borgiae
1150 2133 1412 2166 commendat.

875 2236 882 2266 l

148 2301 243 2342 Pax
259 2302 368 2356 Jesu
392 2299 559 2342 Christi
583 2299 833 2341 nobiscum.
857 2299 1117 2341 Admodum
1136 2298 1247 2340 Rde.
1270 2297 1314 2339 in
1333 2297 1514 2339 Christo
1534 2299 1682 2340 Pater.

147 2360 252 2402 Non
269 2359 395 2414 potui
418 2359 697 2402 committere
719 2358 884 2411 isthuc,
911 2357 1102 2399 maxime
1134 2359 1268 2399 Patre
1297 2357 1410 2399 Rdo.
1447 2359 1567 2398 Dno.
1597 2358 1685 2399 Pe-

59 2424 128 2460 tro
137 2418 318 2461 Canisio
336 2418 665 2473 proficiscente,
687 2417 832 2474 <cuius
842 2416 1049 2471 equidem
1071 2423 1194 2458 tanta
1211 2415 1414 2458 absent-ia
1427 2430 1519 2457 non
1537 2423 1686 2470 potest

60 2491 151 2519 non
180 2484 224 2521 et
251 2492 322 2520 me
350 2492 564 2531 meosque
592 2484 637 2519 et
666 2483 946 2532 augustanos
975 2490 1131 2518 omnes
1162 2473 1362 2530 grauiter
1385 2475 1684 2530 commouere)

60 2535 168 2590 quin
188 2543 309 2578 tuam
328 2537 487 2579 Rdam.
507 2535 830 2579 Paternitatem
846 2534 969 2586 mihi,
984 2534 1087 2576 licet
1101 2548 1287 2588 corpore
1303 2533 1523 2589 ignotam,
1539 2534 1688 2576 animo

61 2609 171 2638 uero
193 2602 348 2638 notam
381 2595 588 2646 maxime,
615 2609 749 2649 quam
771 2601 817 2637 et
839 2602 1069 2649 parentem
1102 2592 1148 2634 in
1176 2592 1357 2635 Christo
1387 2606 1536 2634 meum
1560 2607 1687 2635 com-

61 2655 231 2709 plector
259 2653 476 2710 inprimis,
508 2653 664 2709 paucis
691 2654 948 2704 salutarem,
980 2666 1032 2694 ac
1061 2651 1197 2694 animi
1224 2651 1310 2694 mei
1338 2651 1686 2707 propensionem

1159 2726 1185 2735 φ

133 2811 143 2830 ¹
195 2809 274 2852 Sic,
294 2808 542 2854 pro]0a⁷mi.

130 2858 144 2878 ²
195 2857 252 2891 Ex
270 2857 494 2902 archetypo,
514 2855 553 2891 in
572 2855 705 2902 Epist.
731 2854 885 2895 Natat„
914 2854 964 2898 11,
983 2852 1126 2900 duplici
1151 2852 1231 2894 fol„
1252 2864 1297 2898 99
1321 2856 1409 2897 (79).
1437 2852 1536 2889 Vide
1557 2864 1687 2899 supra,

62 2915 150 2950 pag.
171 2914 255 2949 490,
274 2908 404 2938 annot.
429 2911 460 2938 Ι.
