1958 3210
838 149 922 190 1561
1645 146 1689 189 67

156 249 338 293 Crebris
354 251 363 270 ¹
377 248 518 291 literis
535 262 591 290 ex
603 247 883 303 Portugallia
894 247 1236 303 significabatur
1253 246 1500 291 necessitas
1510 246 1671 302 collegi
1671 247 1687 300 j

70 326 298 370 eborensis
326 332 371 369 et
393 324 750 376 conimbriensis,
776 331 822 366 et
843 323 1109 379 periculum,
1136 324 1221 366 nisi
1245 323 1481 366 confestim
1503 337 1690 365 succur-

69 410 255 446 reretur.
297 401 548 444 Videbatur
584 400 711 455 quasi
749 399 944 442 schisma
980 401 1222 454 quoddam:
1260 400 1364 442 hinc
1392 401 1557 451 Araoz,
1589 399 1693 441 inde

71 482 122 522 Ρ.
148 478 430 521 Franciscus.

154 554 309 597 Voluit
330 569 402 598 me
427 556 561 598 Pater
585 565 655 608 3.0
681 553 905 610 proficisci
928 553 974 595 in
998 553 1278 609 Hispaniam,
1311 553 1415 596 dein
1448 554 1561 596 1⁶24
1589 554 1646 595 ad
1677 554 1690 572 '²

64 632 171 675 alias
191 630 463 686 prouincias.
490 631 627 673 Dedit
649 630 962 673 auctoritatem
987 630 1212 686 generalis
1234 629 1542 684 commissarij,
1563 644 1589 671 a
1606 644 1694 685 qua

64 709 235 750 nullum
258 707 439 762 exemjt:
466 707 589 749 dedit
622 707 880 750 facultatem
909 714 955 750 et
983 721 1095 761 quas
1124 706 1275 749 literas
1303 722 1358 750 ex
1380 705 1694 748 commissione

63 784 279 828 scriberet
303 785 353 826 Ρ.
380 784 622 835 Polancus,
648 798 827 838 possem
850 798 938 838 ego
962 782 1262 838 interpretari.

149 860 320 916 Accepi
342 860 494 904 literas
516 875 542 902 a
566 860 664 912 Pio,
684 869 729 903 et
746 876 772 902 a
790 862 926 902 Patre
943 861 999 903 ad
1018 860 1277 915 Philippum
1295 859 1448 901 literas
1464 872 1693 901 commen-

61 936 261 988 daticias,
275 936 635 980 benedictionem
653 936 788 980 etiam
806 951 831 978 a
850 936 946 978 Pio.
960 938 974 957 ³
994 936 1099 978 Fuit
1116 936 1222 978 mihi
1241 935 1443 979 studiose
1460 949 1691 978 commen-

61 1015 214 1056 datum
236 1028 262 1056 a
285 1016 420 1057 Patre
443 1021 490 1054 vt
507 1027 709 1055 curarem
735 1012 1085 1055 vniformitatem
1109 1011 1261 1055 induci
1284 1026 1362 1067 per
1399 1026 1557 1055 omnes
1586 1025 1690 1066 pro-

64 1090 247 1133 uincias.
275 1089 389 1144 Petij
415 1089 587 1132 socium
616 1088 872 1141 Ximenem,
893 1088 969 1144 qui
986 1090 1182 1132 habebat
1200 1088 1379 1144 quidem
1412 1094 1519 1131 vota
1535 1087 1680 1132 Socie—

62 1166 180 1218 tatis,
201 1167 281 1210 sed
305 1167 452 1208 adhuc
476 1166 741 1208 versabatur
762 1165 808 1207 in
831 1165 1023 1221 collegio
1046 1165 1308 1222 germanico
1330 1166 1456 1208 cultu
1479 1164 1685 1207 seculari.

61 1236 362 1281 Discessimus
385 1252 441 1280 ex
464 1237 574 1280 vrbe
602 1237 652 1279 18
675 1236 949 1278 Nouembris
972 1237 1002 1278 ⁴.

146 1315 311 1357 Ienuae
333 1312 675 1368 expectauimus
703 1313 847 1355 donec
875 1312 1148 1368 nauigarent
1178 1313 1383 1356 triremes
1411 1311 1686 1367 hispanicae,

56 1404 171 1445 quae
193 1390 429 1432 soluerunt
456 1388 462 1446 Ι
491 1405 546 1433 ex
569 1396 702 1444 portu
725 1388 771 1430 in
796 1390 912 1431 festo
929 1388 1023 1431 diui
1047 1391 1263 1432 Thomae.
1298 1389 1492 1432 Absolui
1519 1387 1689 1431 scholia

56 1468 235 1510 Ienuae.
271 1466 399 1509 Passi
427 1481 584 1509 sumus
612 1466 658 1507 in
686 1466 849 1522 pelago
878 1466 1155 1508 narbonensi
1195 1468 1208 1488 ⁵
1243 1466 1404 1509 seriam
1444 1472 1686 1521 tempesta-

57 1550 161 1586 tem.
189 1543 318 1585 Eruit
336 1557 419 1586 nos
444 1542 682 1594 Dominus,
710 1557 850 1597 quum
874 1543 968 1586 fere
990 1549 1112 1587 esset
1133 1544 1255 1586 salus
1276 1544 1521 1598 deplorata.

602 1699 663 1740 IN
698 1698 997 1741 HISPANIA
1032 1700 1092 1751 3.0
1125 1699 1139 1719 ⁶

821 1817 924 1850 1561

140 1930 360 1973 Venimus
383 1929 729 1981 Barchinonam,
755 1928 832 1971 vbi
855 1929 966 1984 nihjl
990 1929 1064 1985 egi
1087 1944 1169 1985 pro
1192 1929 1342 1971 officio
1351 1944 1360 1982 3
1387 1928 1683 1984 properabam

52 2008 107 2049 ad
130 2007 373 2049 Castellam
396 2007 469 2050 vel
493 2008 544 2049 P.
571 2007 607 2048 F
611 2005 882 2049 ranciscum.

642 2138 904 2177 COMPLUTI,
942 2138 1090 2168 PRIMO

138 2239 248 2287 Inde
270 2238 580 2293 Complutum:
605 2236 680 2279 hic
712 2237 907 2280 conueni
937 2236 1200 2280 Araozium:
1235 2237 1436 2280 intellexi
1462 2237 1519 2278 de
1548 2237 1684 2280 rebus

52 2315 103 2356 P.
130 2316 166 2357 F
168 2314 359 2357 rancisci
380 2314 494 2369 alijs,
519 2321 566 2358 et
588 2314 713 2368 quod
735 2328 838 2356 cum
864 2314 1177 2357 Bustamantio
1201 2314 1470 2358 discesserat
1491 2328 1547 2356 ex
1571 2315 1682 2356 Por-

51 2391 254 2447 tugallia,
280 2393 468 2434 Romam
491 2392 664 2435 habens
685 2390 786 2443 iter3
818 2392 900 2435 sed
929 2407 985 2435 ex
1013 2391 1189 2443 itinere,
1216 2405 1356 2446 quum
1385 2404 1543 2446 parum
1565 2396 1683 2434 esset

49 2467 159 2511 125
180 2468 376 2512 Castella
399 2482 684 2523 progressus,
710 2467 844 2523 redijt
865 2467 912 2509 in
937 2467 1281 2524 Portugalliam.

134 2543 236 2588 Misi
258 2544 488 2600 proprium
505 2544 715 2587 nuntium
733 2545 790 2586 ad
806 2546 858 2586 P.
879 2545 914 2586 F
918 2544 1193 2597 ranciscum‚
1212 2545 1269 2586 de
1286 2543 1475 2586 consilio
1491 2545 1630 2587 Patru
1640 2559 1681 2586 m

113 2644 124 2664 ¹
176 2645 266 2690 Ms.‚
284 2645 420 2680 crebis.

112 2705 125 2724 2
176 2703 220 2738 In
238 2715 310 2739 mS.
330 2706 384 2739 ad
396 2704 606 2750 repetitum
621 2709 695 2738 est.

112 2761 126 2781 ³
175 2763 257 2798 Has
275 2763 424 2799 litteras
443 2763 533 2798 vide
550 2763 590 2798 in
608 2768 636 2797 t.
658 2763 690 2808 1,
709 2774 824 2809 pagg.
851 2762 1025 2808 358-361.

113 2822 128 2841 ⁴
177 2821 435 2869 SAccmNth‚
454 2824 525 2858 loc.
549 2822 632 2866 cit.,
648 2822 716 2857 lib.
736 2830 791 2865 lv,
812 2835 850 2857 n.
874 2823 952 2868 196.

115 2881 129 2899 ⁵
178 2880 269 2927 Ms.‚
288 2881 549 2917 narbanensi.

115 2940 129 2959 ⁶
180 2939 224 2974 In
242 2941 416 2986 margine
434 2940 497 2976 hic
516 2940 653 2976 titulus
671 2939 879 2985 repetitur.
