1958 3210
809 200 892 244 1561
1618 204 1663 247 85

40 318 152 355 rum,
183 302 280 345 siue
308 302 425 357 quod
457 302 610 354 nollet,
644 301 742 346 siue
771 303 895 357 quod
925 316 1018 345 non
1044 310 1213 358 possen
1247 302 1371 345 nolui
1399 303 1518 347 enim
1555 303 1666 346 illud

40 381 294 424 decernere.

127 457 281 510 Itaque
302 454 522 510 despondi
544 455 743 498 animum
766 471 792 498 a
814 454 1071 498 visitatione
1090 456 1305 499 Bethicae
1322 462 1367 498 et
1385 456 1662 513 Aragoniae,

16 570 25 576 .
41 539 86 577 et
106 530 317 574 constitui
339 532 459 587 apud
480 546 552 575 me
573 532 630 574 de
651 546 828 575 summa
850 546 1015 574 rerum.

126 606 229 650 Dixi
246 606 441 650 Araozio
464 609 579 651 velle
600 623 673 660 me
695 608 896 652 diuidere
918 608 1196 664 prouinciam
1218 610 1442 653 Castellae
1464 609 1510 651 in
1532 611 1662 663 duas;

40 683 167 740 regni
203 683 374 727 scilicet
411 685 611 737 toletani,
652 692 697 729 et
735 685 898 729 veteris
936 686 1175 738 Castellae‚
1199 692 1245 728 et
1287 700 1425 741 quum
1453 686 1460 743 Ι
1488 687 1666 730 abesset

43 763 93 803 Ρ.
119 759 401 812 Franciscus,
427 761 669 817 designare
691 760 1062 814 commissarium;
1088 761 1276 817 eligeret
1299 761 1394 817 ipse
1413 764 1537 817 quod
1554 764 1666 805 mal—

41 838 114 879 let:
133 850 233 880 esse
269 836 618 890 commissarius,
650 853 708 880 an
736 837 1024 893 prouincialis
1053 838 1312 880 altervtrius
1340 839 1600 894 prouinciae
1633 841 1661 881 ¹.

125 913 326 956 Euocaui
347 914 647 969 prouinciales
672 913 1035 957 Bustamantium
1059 929 1162 957 cum
1188 917 1240 957 P.
1269 916 1404 969 Placa
1432 921 1478 959 et
1501 916 1662 967 Suare,

42 989 303 1033 Cordesium
327 1004 429 1032 cum
449 992 667 1043 Romano,
687 998 732 1034 et
754 990 845 1033 dixi
869 998 917 1032 vt
938 991 1248 1047 examjnarent
1270 1006 1351 1047 per
1378 1006 1529 1036 meum
1557 1006 1665 1035 exa—

42 1080 142 1109 men
173 1081 329 1110 omnes
364 1070 522 1110 Patres
553 1075 597 1110 et
632 1068 807 1119 fratres,
839 1075 884 1110 et
914 1068 1114 1112 facerent
1142 1068 1228 1111 illis
1256 1068 1447 1112 liberum
1486 1068 1667 1111 nomine

43 1157 158 1194 meo,
199 1144 322 1197 quod
349 1157 437 1199 ego
464 1144 597 1186 simul
625 1144 766 1188 literis
794 1145 850 1186 ad
879 1144 998 1200 ipsos
1025 1144 1141 1187 datis
1164 1145 1464 1189 communiter
1484 1145 1593 1199 dixi,
1618 1152 1667 1186 vt

41 1218 207 1275 singuli
224 1219 472 1263 scriberent
490 1221 675 1273 secretis
692 1221 833 1264 literis
856 1221 1070 1276 quicquid
1087 1229 1215 1265 erant
1236 1221 1461 1277 praesenti
1484 1221 1664 1275 dicturi,

40 1302 84 1339 et
104 1296 160 1339 de
181 1310 246 1347 se,
273 1297 384 1339 170
405 1295 481 1354 [et]
505 1298 561 1339 de
585 1298 719 1340 rebus
741 1297 937 1353 collegij3
959 1305 1004 1341 et
1022 1297 1162 1340 indixi
1180 1313 1269 1353 quo
1289 1306 1492 1354 tempore
1514 1305 1667 1342 essent

42 1373 232 1414 venturi.
260 1373 463 1417 Euocaui
485 1376 791 1429 praeterea‘P.
820 1375 1202 1418 Valderauanum.
1230 1375 1369 1418 Volui
1391 1375 1541 1418 statim
1559 1374 1669 1417 visi-

43 1455 133 1491 tare
155 1449 284 1505 regni
308 1450 491 1492 toletani
514 1458 559 1493 et
582 1451 806 1493 Castellae
829 1450 1036 1507 collegia,
1069 1452 1190 1506 quod
1218 1451 1325 1493 mihi
1355 1459 1451 1494 erat
1479 1466 1668 1495 conces—

40 1539 153 1577 sum,
179 1534 224 1569 et
246 1526 356 1568 nihil
378 1527 568 1583 amplius
589 1528 864 1571 contendere
886 1528 917 1569 ².

130 1603 283 1658 Quum
305 1604 417 1646 haec
440 1611 695 1656 tractarem,
722 1612 907 1647 venerat
929 1605 986 1646 ad
1008 1620 1080 1649 me
1097 1619 1248 1648 comes
1266 1605 1479 1657 ferianus,
1501 1604 1577 1659 qui
1602 1605 1662 1646 fa»

42 1678 332 1723 miliarissime
353 1680 534 1735 quidem
555 1695 732 1724 mecum
756 1681 866 1737 egit,
898 1681 904 1738 Ι
932 1697 958 1725 a
986 1696 1075 1737 quo
1103 1681 1305 1725 intellexi
1334 1681 1445 1723 nihil
1474 1681 1582 1723 mihi
1612 1682 1667 1723 ab

43 1754 138 1810 ipso
159 1756 365 1812 praesidij
389 1757 616 1813 expectari
637 1772 786 1813 posse,
806 1766 894 1800 etc.
919 1758 1118 1802 «Tienen
1135 1759 1200 1800 las
1217 1773 1419 1809 manos»,
1440 1765 1527 1800 etc.
1549 1759 1669 1800 Rur—

44 1847 142 1875 sum
162 1833 295 1889 redijt
316 1848 485 1886 comes,
511 1835 635 1878 venit
656 1835 763 1877 item
786 1835 1050 1898 Rodericus:
1081 1835 1154 1878 hic
1183 1842 1323 1878 totam
1351 1849 1533 1878 causam
1562 1834 1670 1877 fecit

43 1910 175 1966 longe
196 1910 491 1954 dificiliorem.
518 1911 654 1955 Visus
677 1919 746 1955 est
766 1911 922 1955 venire
944 1919 1170 1955 commoto
1201 1919 1337 1967 atque
1365 1911 1541 1956 infenso
1570 1910 1669 1954 ani—

43 2001 129 2038 mo,
155 1989 275 2043 quod
297 2002 435 2043 quum
458 1989 737 2043 miraremur,
763 1989 891 2045 petijt
913 2005 938 2032 a
960 2004 1031 2032 me
1053 1996 1102 2031 vt
1124 1990 1237 2031 duos
1267 1990 1426 2031 Patres
1454 1988 1669 2044 designa—

44 2063 296 2123 rem,[cum]
314 2064 478 2120 quibus
494 2066 550 2108 de
567 2066 702 2108 rebus
720 2065 1000 2122 grauissimis
1017 2072 1190 2121 ageret.
1211 2064 1464 2121 Designaui
1489 2067 1540 2107 P.
1569 2066 1666 2107 An-
1702 2055 1705 2057 ’

44 2141 213 2183 tonium
229 2148 275 2184 et
293 2143 344 2184 P.
359 2142 720 2185 Bustamantium
733 2142 821 2199 (hic
838 2142 956 2185 enim
975 2142 1062 2185 iarn
1080 2143 1297 2199 venerat).
1318 2141 1453 2198 Legit
1470 2141 1555 2183 illis
1572 2140 1669 2196 epi—

44 2218 201 2281 stolam
225 2220 347 2274 Mag.
376 2219 561 2262 Polanci
585 2235 640 2264 ex
661 2219 978 2264 commissione
1002 2222 1053 2262 P.
1088 2219 1313 2276 generalis
1334 2220 1392 2261 ad
1419 2232 1490 2261 me
1518 2218 1667 2259 datam

46 2294 263 2338 Lutetiae.
290 2297 423 2338 Hanc
445 2296 678 2352 epistolam
702 2296 1002 2352 interceperat
1024 2295 1289 2348 Rodericus,
1310 2310 1414 2338 nam
1433 2310 1548 2346 eam,
1568 2293 1667 2349 opi—

47 2384 141 2421 nor,
167 2361 348 2414 miserat
371 2374 423 2415 Ρ.
450 2373 676 2415 Polancus
693 2388 771 2429 per
786 2374 987 2429 legatum
1009 2372 1216 2428 Philippi.
1238 2374 1301 2414 Ea
1319 2379 1414 2414 erat
1431 2371 1527 2414 171
1557 2369 1670 2412 scri-

28 2440 121 2501 ‘pta
140 2455 297 2491 contra
320 2449 581 2501 Araozium,
607 2457 656 2492 vt
676 2450 818 2502 illum,
845 2450 917 2493 vel
939 2450 995 2492 ad
1017 2449 1273 2501 concilium,
1300 2449 1372 2492 vel
1398 2449 1581 2490 domurn
1612 2448 1670 2489 ad

47 2536 165 2575 suos,
199 2526 268 2567 vel
299 2525 384 2568 alia
411 2525 585 2570 ratione
608 2526 669 2569 ita
690 2541 889 2583 agerem,
915 2533 965 2568 vt
981 2526 1054 2569 ille
1071 2527 1250 2568 abesset
1267 2525 1324 2568 ab
1340 2524 1458 2576 aula,
1480 2531 1524 2567 et
1541 2531 1670 2566 erant

46 2599 128 2651 his,
164 2615 279 2656 quae
301 2617 450 2655 narro,
477 2603 719 2658 asperiora.
752 2602 941 2646 Addidit
968 2601 1266 2645 contumelias
1289 2601 1546 2644 verborum:
1577 2598 1671 2657 [ait]

46 2688 142 2719 esse
187 2677 418 2731 inuidiam,
454 2686 542 2722 etc.
582 2686 632 2721 vt
667 2681 779 2722 haec
815 2680 872 2721 ad
899 2694 971 2723 me
1014 2679 1249 2721 referrent:
1302 2692 1350 2720 se
1398 2691 1489 2719 non
1537 2691 1670 2732 posse

45 2751 201 2796 deesse
223 2755 432 2797 Araozio:
459 2755 634 2808 minari,
660 2763 748 2799 etc.
776 2757 806 2798 ⁵.

118 2877 129 2897 ¹
178 2877 434 2925 SACCHINUS‚
452 2881 513 2914 loc
544 2879 636 2924 cit.‚
655 2892 697 2915 n.
722 2890 781 2924 44.

109 2937 130 2956 '³
180 2935 436 2983 SACCHINUS,
456 2939 529 2973 loc.
549 2939 640 2982 cit.‚
661 2951 698 2973 n.
719 2948 778 2983 45.

118 2994 132 3013 ³
181 2994 437 3042 SAccnmth,
456 2997 529 3032 loe.
550 2997 634 3043 cit.,
654 3009 717 3032 nn.
738 3006 797 3042 45,
818 2998 875 3041 46.
