1958 3210
219 186 286 222 114
786 176 925 210 EP1sT.
954 175 999 210 P.
1019 174 1289 220 NADAL—215

216 278 308 320 tuis
337 290 417 320 Ioo
440 276 604 319 daleris
629 287 700 330 24,
727 275 921 332 singulis
950 288 1015 318 12.
1042 275 1091 320 Si
1115 283 1266 319 tamen
1295 276 1534 332 pecuniam
1568 291 1660 320 non
1689 291 1863 334 expen—

216 356 328 397 dant
366 353 411 394 in
449 352 632 407 viatico,
673 353 796 407 quod
831 352 1055 407 reliquum
1095 355 1195 405 erit,
1238 361 1475 409 acceptum
1510 354 1589 396 tibi
1619 355 1855 398 referetur*

217 433 464 486 Nunquam
488 429 694 472 omittam
717 444 821 471 cum
843 429 930 472 Dei
953 430 1100 486 gratia
1122 445 1194 473 res
1222 429 1352 472 istius
1382 431 1563 487 collegii
1590 446 1859 487 promouere

219 508 355 563 (quod
378 506 425 548 in
442 521 514 550 me
532 505 647 563 erit);
669 506 823 561 itaque
841 506 1033 562 potestis
1056 507 1112 549 ad
1134 521 1207 550 me
1225 506 1569 552 familiarissime
1586 508 1784 553 scribere
1801 511 1857 553 de

219 585 356 627 rebus
378 582 559 635 vestris,
586 582 849 639 praesertim
872 583 1017 626 donec
1040 597 1195 627 verser
1210 583 1262 626 'in
1286 586 1373 626 hoc
1392 599 1593 637 munere,
1615 600 1706 640 quo
1723 586 1860 630 etiam>

221 661 258 703 si
281 661 550 716 perfunctus
573 660 717 712 fuero,
746 667 897 702 tamen
918 667 987 702 est
1015 659 1124 702 mihi
1151 661 1423 704 demandata
1451 676 1560 704 cura
1588 663 1866 707 Germaniaev

222 745 266 782 et
295 737 487 789 Galliae,
518 736 684 792 quibus
712 752 800 793 ego
833 736 1097 779 nationibus
1130 752 1307 793 semper
1342 738 1504 782 fauebo
1537 738 1784 795 impensius
1817 747 1862 784 et

222 814 491 858 nominatim
514 822 667 858 vestro
691 813 901 870 collegio.

314 905 356 945 4.
424 891 525 934 Fiat
550 891 769 944 fortassis,
796 898 847 933 ut
870 891 1138 947 Maguntiae
1166 900 1332 948 egeant
1362 892 1495 935 vnius
1530 893 1679 936 Patris
1712 909 1869 950 opera„

225 969 302 1024 qui
340 969 485 1024 possit
514 983 723 1025 praeesse
752 968 1107 1011 convictoribus.
1139 969 1449 1025 Designabam
1478 985 1566 1026 ego
1595 971 1868 1027 magistrum

226 1046 503 1101 Gregorium
526 1053 728 1088 vestrum
756 1047 765 1067 ¹
792 1060 895 1090 eum
918 1045 1105 1098 scilicet,
1133 1046 1209 1101 qui
1239 1054 1445 1102 praeerat
1473 1048 1604 1090 classi
1632 1048 1862 1101 retorices;

226 1139 330 1166 nam
353 1138 406 1166 ea
429 1137 553 1174 cura,
581 1138 670 1179 qua
692 1124 961 1167 sublevabat
983 1123 1029 1165 in
1051 1124 1313 1180 magisterio
1336 1124 1584 1168 nouitiatus
1606 1128 1668 1169 M.
1702 1127 1869 1169 Coste—

225 1214 344 1253 rum,
369 1199 534 1255 poterit
557 1199 655 1242 aliis
677 1199 790 1251 dari,
815 1208 864 1242 vt
886 1214 974 1256 ego
997 1200 1203 1243 arbitror.
1238 1202 1369 1245 Esset
1400 1201 1508 1243 mihi
1537 1201 1861 1258 gratissimum,

227 1276 265 1319 si
287 1276 414 1318 illum
444 1276 690 1329 mitteritis,
721 1276 799 1319 ubi
828 1276 1038 1333 exigetur
1066 1292 1092 1319 a
1120 1280 1181 1321 M.
1216 1279 1457 1321 Lamberto
1490 1279 1522 1331 ⁵²,
1559 1280 1862 1335 Moguntiam,

228 1354 351 1409 quod
375 1360 526 1396 tamen
556 1367 647 1395 non
675 1354 822 1396 audeo
850 1353 1035 1396 omnino
1063 1354 1264 1416 iudicare
1294 1355 1323 1397 ³.
1353 1356 1518 1411 Ignoro
1547 1356 1666 1399 enim
1695 1364 1869 1400 vestras

228 1430 537 1483 difficultates,
564 1431 828 1485 praesertim
852 1433 937 1473 hoc
967 1438 1185 1487 tempore,
1218 1439 1264 1474 et
1292 1432 1455 1474 iterum
1484 1433 1595 1476 illud
1623 1433 1740 1485 dico,
1774 1434 1870 1476 fore

229 1506 339 1549 mihi
376 1506 702 1562 gratissimum,
745 1507 782 1550 si
819 1507 945 1550 illum
984 1508 1189 1562 mittatis,
1222 1509 1300 1551 ubi
1339 1509 1424 1553 erit
1454 1511 1658 1553 futurum
1691 1509 1870 1553 initium

227 1584 348 1626 illius
377 1584 539 1626 domus
568 1584 954 1628 commensalium.
988 1586 1125 1641 Quod
1148 1586 1184 1628 si
1213 1602 1303 1629 non
1332 1586 1530 1643 possitis,
1558 1595 1603 1631 et
1626 1587 1812 1643 exigant
1845 1602 1873 1629 a

230 1661 360 1703 vobis
382 1676 524 1703 vnum
547 1663 844 1714 sacerdotem,
870 1662 943 1707 vel
967 1678 1107 1705 unum
1132 1665 1330 1716 omnino,
1357 1664 1433 1720 qui
1456 1664 1597 1720 possit
1614 1679 1714 1708 esse
1735 1664 1872 1706 mini—

232 1745 324 1781 ster
348 1738 631 1794 Moguntiae,
657 1738 703 1781 id
726 1739 910 1783 omnino
932 1740 1204 1783 conabimini
1226 1749 1470 1797 praestare.
1498 1743 1712 1798 Egebunt
1736 1741 1873 1786 etiam

231 1815 434 1858 fortassis
465 1830 555 1858 uno
586 1816 738 1868 fratre,
771 1817 847 1872 qui
876 1817 1057 1861 infimae
1091 1818 1222 1861 classi
1251 1819 1434 1874 praesit,
1466 1820 1546 1862 sed
1575 1821 1661 1862 hoc
1694 1826 1867 1862 certum

231 1906 323 1934 non
345 1898 429 1934 est.
457 1893 520 1935 Vt
542 1892 661 1936 enim
684 1895 811 1936 Deus
835 1909 917 1936 sua
938 1894 1223 1951 benignitate
1245 1896 1559 1952 complectitur
1587 1896 1709 1939 istud
1737 1897 1873 1938 colle-

231 1968 375 2024 gium,
401 1968 463 2011 ita
485 1969 614 2025 copia
635 1978 785 2013 vestra
807 1971 999 2014 alienam
1023 1971 1336 2028 indigentiam,
1361 1981 1410 2016 vt
1432 1975 1653 2017 hactenus
1681 1973 1868 2025 fecistis,

231 2046 444 2101 supplere
472 2046 662 2090 debetis.
697 2049 823 2090 Deus
855 2047 913 2090 sit
944 2048 1197 2091 nobiscum.
1231 2050 1446 2105 Cepimus
1475 2050 1562 2093 iam
1592 2065 1729 2106 agere
1768 2064 1872 2093 cum

232 2123 362 2165 Rmo.
388 2122 694 2178 herbipolensi
716 2125 773 2168 de
796 2125 933 2168 rebus
950 2124 1020 2167 sui
1039 2125 1236 2181 collegii,
1258 2133 1302 2170 et
1320 2141 1468 2182 spero,
1490 2128 1612 2182 quod
1630 2128 1746 2171 bene
1764 2141 1870 2170 suc-

230 2200 393 2241 cedent
416 2213 519 2241 curn
543 2199 629 2242 Dei
652 2201 813 2257 gratia.
843 2201 1096 2257 Herbipoli‚
1123 2203 1254 2245 nonis
1278 2204 1493 2247 Octobris
1521 2205 1647 2258 1562.
1680 2204 1709 2261 †
1743 2206 1876 2247 Tuus.

234 2275 280 2317 in
304 2277 392 2318 X.0
415 2291 594 2328 seruus,

1272 2357 1299 2413 ἢ
1333 2359 1565 2401 NATALIS.
1603 2358 1632 2415 η’·

1446 2434 1474 2491 ᾧ

306 2585 314 2604 ¹
367 2584 583 2629 Gregorius
603 2587 763 2632 Fabius,
782 2586 902 2621 frater
928 2587 1088 2632 Joannis
1115 2587 1225 2623 Fabii
1256 2590 1370 2634 paulo
1402 2594 1491 2624 ante
1522 2589 1738 2624 memorati.
1771 2589 1871 2623 Vide

231 2642 398 2688 append.
420 2644 496 2679 loc.
523 2645 590 2680 cit.

303 2704 316 2723 ²
369 2702 602 2739 Lambertus
623 2706 744 2752 Auer,
764 2705 813 2741 de
831 2717 908 2752 quo
926 2705 1074 2741 dietum
1093 2712 1153 2741 est
1172 2707 1211 2741 in
1231 2713 1257 2742 t.
1280 2708 1310 2752 Ι,
1331 2707 1399 2742 308
1421 2713 1461 2743 et
1479 2707 1561 2743 318.

305 2761 319 2780 ³
370 2761 469 2796 Cum
488 2763 532 2798 P.
554 2765 698 2799 Fabius
724 2777 885 2800 munere
910 2765 1049 2800 decani
1073 2765 1272 2801 facultatis
1298 2767 1438 2802 artium
1463 2767 1694 2813 fungeretur
1721 2779 1741 2801 a
1766 2767 1827 2801 die
1852 2777 1875 2811 9

230 2818 417 2856 Octobris
436 2822 550 2868 hujus
569 2824 661 2859 anni
679 2836 801 2871 usque
820 2824 869 2859 ad
886 2835 908 2869 9
927 2824 1111 2861 Octobris
1131 2825 1219 2860 anni
1241 2827 1457 2873 sequentis,
1482 2827 1645 2862 Colonia
1669 2826 1874 2861 discedere

230 2886 309 2913 non
327 2885 497 2925 poterat.
522 2883 623 2918 Vide
646 2884 840 2929 HANSEN,
873 2886 950 2919 loe.
982 2883 1066 2928 eit.;
1098 2896 1192 2931 pag.
1228 2884 1312 2930 438,
1345 2891 1481 2921 annot.
1522 2894 1554 2928 Ι,
1587 2891 1627 2920 et
1650 2886 1873 2930 catalogum

229 2936 463 2974 decanorum
505 2940 702 2978 facultatis
738 2943 877 2978 artium
914 2942 1182 2979 universitatis
1217 2944 1453 2980 coloniensis
1492 2944 1715 2990 1556-1582,
1751 2943 1871 2988 ibid„

225 3008 322 3043 pag.
346 2998 433 3042 788.
