1958 3210
234 173 303 218 678
849 177 971 211 EplsT
982 203 990 210 .
1023 177 1070 210 P.
1104 176 1255 212 NADAL

234 289 396 329 gorum
422 263 822 331 Oeniponteanno
852 278 960 331 1563
992 277 1149 331 habiti,
1176 278 1266 320 duo
1290 278 1572 334 potissimum
1597 281 1743 324 media
1766 296 1875 336 pro-

192 382 198 388 ·
234 359 444 411 ponebat,
472 358 636 413 quibus
659 358 894 402 victoriam
919 374 1082 402 causae
1101 360 1349 403 catholicae
1367 360 1450 403 sibi
1475 362 1785 417 pollicebatur:
1807 365 1872 406 al-

236 447 380 482 terum
405 441 585 496 quidem
610 449 720 493 erat,
743 444 993 487 Caesareae
1018 443 1243 498 Majestati
1267 446 1553 499 persuadere,
1577 453 1625 487 ut
1650 447 1873 504 theologis

235 524 290 564 ab
309 522 577 579 imperatore
595 526 874 578 convocatis,
889 534 1078 580 quartus
1096 528 1151 569 ab
1170 527 1267 583 ipso
1286 527 1446 570 nuntio
1464 529 1683 582 delectus,
1699 529 1873 585 episco—

234 620 318 660 pus
342 606 551 649 videlicet
575 608 839 663 petinensis,
866 610 1130 652 adderetur:
1163 611 1354 654 alterum
1384 626 1490 653 vero
1520 612 1716 655 medium
1746 612 1792 655 in
1820 627 1877 656 eo

234 687 369 731 situm
394 697 504 742 erat,
531 698 581 733 ut
608 694 686 735 «Ρ.
715 692 1025 747 Hieronymus
1045 693 1217 736 Natalis
1234 693 1418 748 jesuita,
1455 694 1531 749 qui
1560 695 1875 739 Reverendum

236 773 286 813 Ρ.
322 772 488 816 Lainez
520 773 566 816 in
588 775 737 818 Gallia
760 775 1001 818 comitatus
1024 777 1188 828 fuerat,
1216 777 1546 833 quamprimum
1571 778 1874 833 Oenipontem

235 854 534 909 mitteretur»,
560 858 692 913 cujus
716 858 899 913 quidem
922 873 1105 915 operam
1128 860 1259 903 valde
1283 859 1367 903 sibi
1393 859 1546 904 utilem
1572 861 1769 904 futuram
1791 861 1877 903 mi-

234 937 356 982 nime
373 939 625 984 dubitabat.
653 943 815 997 Neque
836 957 934 985 eam
959 942 1128 986 caesari
1151 943 1377 999 ingratam
1401 951 1665 988 eventuram
1685 945 1875 987 arbitra--

235 1022 392 1074 batur,
444 1041 460 1061 α
485 1024 652 1080 quippe
688 1024 763 1068 cui
798 1025 969 1081 optima
1004 1027 1061 1070 de
1098 1026 1248 1070 Natali
1291 1026 1442 1082 opinio
1479 1027 1619 1071 menti
1658 1028 1873 1072 adhaese-

233 1111 302 1147 rat
334 1113 574 1161 postquam
602 1121 706 1150 eum
734 1108 913 1164 saepius
949 1108 1153 1163 vidisset,
1195 1110 1385 1166 ejusque
1414 1124 1646 1154 sermones
1675 1110 1877 1154 audivis—

235 1196 329 1233 set»
357 1191 478 1247 (pag.
506 1192 622 1247 218).

326 1275 463 1329 Quod
486 1269 638 1343 autem
662 1276 785 1318 addit
808 1277 1035 1331 Dolfinus,
1072 1277 1315 1321 «hauendo
1337 1292 1451 1320 anco
1473 1277 1661 1334 rispetto
1684 1279 1755 1320 ch’
1788 1278 1878 1335 egli

233 1356 299 1399 sia
317 1364 435 1400 stato
459 1359 560 1402 nele
579 1359 832 1403 trattationi
850 1360 895 1403 di
912 1360 1148 1412 Francia»,
1170 1359 1517 1417 intelligendum
1539 1368 1624 1414 est,
1645 1375 1735 1403 non
1759 1361 1881 1416 quod

235 1440 394 1484 Lainio
418 1441 463 1483 in
486 1456 739 1499 congressu
767 1443 991 1500 poissiaco
1021 1443 1260 1496 adstiterit,
1293 1445 1373 1487 sed
1402 1444 1547 1499 quod,
1573 1458 1627 1486 eo
1652 1445 1876 1496 absoluto,

233 1539 289 1567 ex
312 1524 532 1580 Hispania
559 1526 725 1579 reduX,
759 1526 967 1570 Lainium
998 1526 1285 1581 convenerit,
1318 1541 1481 1582 resque
1513 1528 1569 1569 ab
1599 1526 1696 1583 ipso
1726 1533 1880 1584 gestas

232 1608 467 1651 commode
490 1622 545 1651 ex
568 1608 666 1665 ipso
688 1609 937 1664 resciverit,
964 1609 1228 1666 praesertim
1247 1624 1353 1652 cum
1371 1623 1475 1653 eum
1493 1611 1551 1653 ad
1570 1609 1782 1666 Belgium
1801 1625 1880 1653 us-

231 1705 319 1746 que
341 1691 585 1735 comitatus
607 1692 759 1736 fuerit.
787 1693 920 1737 Unde
944 1700 1045 1749 post
1070 1694 1320 1736 Polancum
1343 1707 1477 1736 nemo
1499 1693 1661 1737 melius
1694 1700 1739 1736 et
1767 1693 1877 1736 inti-

233 1773 349 1817 mius
377 1775 561 1832 negotia
589 1792 614 1819 a
642 1776 803 1820 Lainio
827 1777 872 1819 in
895 1777 1044 1820 Gallia
1072 1784 1300 1820 transacta
1328 1775 1584 1833 intelligere
1613 1776 1774 1832 potuit.
1809 1778 1877 1820 Ex

232 1857 397 1912 quibus
421 1859 550 1902 facile
572 1861 782 1916 sperabat
804 1861 1013 1903 Natalem
1037 1861 1357 1917 theologorum
1383 1860 1629 1903 conventui
1648 1875 1673 1902 a
1696 1875 1880 1905 caesare

232 1943 600 1998 aggregandum;
627 1943 696 1986 sin
719 1950 872 1988 autem
895 1944 1021 1986 illum
1039 1944 1266 2001 theologis
1283 1943 1481 1988 assidere
1499 1943 1683 1988 minime
1705 1942 1877 1987 caesari

230 2025 513 2080 probaretur,
537 2026 775 2071 utilissima
798 2027 1090 2071 nihilominus
1113 2027 1259 2071 officia
1277 2028 1333 2071 ab
1352 2027 1450 2084 ipso
1469 2028 1755 2084 praestanda,
1778 2034 1875 2069 tum

231 2110 351 2164 apud
387 2124 638 2163 caesarem,
672 2118 768 2153 tum
798 2112 919 2167 apud
950 2112 1214 2167 theologum
1245 2111 1485 2167 hispanum
1525 2110 1694 2154 ordinis
1732 2109 1879 2153 sancti

228 2192 263 2233 F
267 2191 474 2245 rancisci‚
497 2200 592 2235 tum
616 2193 751 2236 etiam
774 2194 895 2249 apud
913 2194 1202 2250 Staphylum,
1223 2201 1505 2250 compertum
1523 2195 1722 2238 habebat
1740 2193 1873 2250 (218).

318 2276 374 2318 Et
397 2277 482 2318 hac
505 2277 561 2319 de
584 2291 723 2321 causa
747 2277 975 2330 Canisius,
1001 2285 1199 2321 mentem
1222 2277 1370 2320 nuntii
1394 2277 1562 2320 Dolfini
1586 2276 1745 2320 Lainio
1769 2290 1879 2332 ape-

231 2358 365 2411 riens,
394 2374 590 2416 eumque
613 2361 819 2413 laudans,
847 2367 1008 2417 utpote
1041 2368 1251 2404 «sanctae
1280 2360 1399 2404 sedis
1428 2360 1703 2416 apostolicae
1735 2360 1877 2403 fidum

228 2432 558 2496 defensorem»,
591 2446 703 2488 haec
732 2446 945 2488 addebat:
978 2445 1094 2488 «Hic
1131 2446 1292 2489 suadet
1330 2451 1546 2501 optatque
1583 2447 1879 2488 vehementer

230 2527 389 2571 adesse
407 2527 537 2570 nobis
556 2530 608 2572 R.
633 2530 686 2571 Ρ.
708 2530 934 2582 Natalem,
956 2528 1110 2571 multis
1128 2528 1399 2584 magnisque
1416 2528 1473 2571 de
1496 2527 1661 2579 causis,
1683 2535 1732 2569 vt
1748 2541 1880 2583 prae-

231 2610 381 2653 sertim
405 2612 585 2655 duobus
604 2612 717 2665 aliis,
740 2627 854 2669 quos
872 2612 981 2666 dixi,
1004 2612 1246 2668 theologis,
1268 2611 1399 2655 facile
1422 2611 1540 2654 inter
1565 2625 1613 2654 se
1631 2624 1879 2653 consensu-

228 2693 306 2746 ris,
348 2694 412 2737 vti
452 2697 752 2739 metuendum
786 2704 873 2748 est,
910 2711 998 2752 ego
1037 2711 1108 2739 me
1145 2695 1313 2739 rectius
1351 2709 1580 2751 opponere
1618 2693 1802 2750 possim,
1838 2700 1882 2737 et

228 2777 346 2821 tueri
370 2779 726 2823 conuenientius
743 2780 849 2835 jura
872 2779 1130 2823 Ecclesiae»
1159 2779 1287 2836 (218).

317 2860 468 2904 Finita
479 2862 591 2917 jam,
606 2863 686 2907 sed
701 2864 904 2906 nondum
925 2862 1183 2919 obsignata,
1198 2862 1387 2918 epistola
1404 2861 1662 2918 supradicta
1680 2861 1734 2903 ad
1751 2860 1878 2915 lega-

231 2951 304 2986 tos
327 2944 523 2997 concilii,
545 2945 728 2989 rescivit
745 2946 934 2989 nuntius
950 2961 1031 3002 per
1048 2933 1281 2989 doctorem
1299 2944 1520 2996 Seldium,
1543 2945 1770 3000 expletum
1783 2943 1877 2998 jam
