1958 3210
228 174 274 210 32
797 174 841 210 P.
870 173 1060 210 NATALIS
1087 174 1307 208 EPHEMER.

229 277 392 320 uocaui
414 284 459 318 et
481 276 756 320 domesticos
779 282 824 318 et
847 275 1122 331 collegiales,
1149 275 1407 318 sacerdotes
1435 288 1607 327 omnes,
1640 281 1870 329 praeterea

227 354 367 396 laicos
389 352 679 405 domesticos,
700 359 746 395 et
767 351 901 394 dictis
929 351 1176 407 suffragijs,
1209 350 1432 406 eligerent
1458 365 1616 402 vnum,
1641 349 1718 405 qui
1746 350 1869 394 vices

228 437 409 487 gereret
446 438 491 473 et
528 428 767 473 adiuuaret
797 430 850 471 P.
883 428 1126 484 Ignatium:
1160 427 1370 487 omnibus
1399 427 1629 484 suffragijs
1659 427 1714 482 (si
1744 435 1866 472 recte

226 506 425 563 memini)
448 507 688 562 elegerunt
709 520 795 548 me.
825 507 1040 548 Praeerat
1061 519 1170 547 vero
1193 504 1441 546 conuentui
1460 504 1709 557 Bobadilla,
1731 518 1865 559 quem

226 578 371 622 voluit
415 579 471 621 ab
513 577 728 633 suffragio
767 576 950 633 passiuo
993 576 1229 619 exclusum
1267 577 1319 617 P.
1362 575 1581 631 Ignatius.
1629 575 1867 618 Commisit

231 658 283 698 P.
314 655 520 711 [gnatius
542 662 700 710 postea
731 653 991 697 Bobadillae
1025 655 1054 706 ¹,
1082 653 1301 703 Polanco,
1334 651 1442 693 mihi
1474 659 1519 695 et
1546 652 1703 708 paucis
1734 667 1866 708 prae-

228 741 352 777 terea
373 741 423 775 vt
444 733 788 775 consuleremus
806 731 886 774 42
903 730 1020 772 inter
1038 744 1124 773 nos
1147 730 1268 784 quod
1291 743 1457 771 nomen
1479 730 1663 773 daretur
1685 729 1833 772 officio
1850 732 1863 750 ‘²

228 812 350 866 quod
373 809 482 852 mihi
505 817 602 852 erat
625 808 904 865 impositum.
932 807 1017 851 Fui
1039 821 1128 864 ego
1151 814 1312 850 auctor
1335 814 1383 848 vt
1406 807 1598 859 nullum3
1625 821 1765 862 quum
1795 808 1865 863 alij

225 888 446 931 vicarium
474 888 660 939 vellent,
694 886 765 942 alij
802 885 1160 929 commissarium
1192 885 1468 941 generalem:
1500 899 1599 928 mea
1632 894 1727 928 erat
1755 887 1866 929 haec

226 966 358 1019 ratio,
390 965 502 1008 nihil
540 964 687 1020 magis
725 979 824 1008 esse
862 962 1168 1007 necessarium
1213 961 1431 1007 Societati
1470 976 1604 1017 quam
1642 962 1868 1019 generalis

225 1041 501 1100 praepo[siti]
525 1041 855 1093 auctoritatem,
877 1055 975 1085 eam
993 1040 1117 1082 nulla
1135 1039 1308 1083 ratione
1331 1040 1498 1084 debere
1514 1039 1755 1091 debilitari,
1776 1047 1862 1083 etc.

225 1120 409 1176 Incoepi
438 1134 598 1176 gerere
628 1118 840 1175 negocia:
879 1117 1033 1160 venire
1066 1118 1122 1160 ad
1158 1132 1230 1160 me
1257 1116 1514 1159 ministrum
1542 1117 1798 1172 Goncalum
1822 1125 1868 1161 et

227 1199 279 1241 P.
309 1198 577 1250 Polancum,
611 1203 698 1240 ete.
733 1195 919 1239 Offendi
949 1197 1000 1238 P.
1035 1194 1262 1251 Ignatium
1289 1208 1390 1237 mea
1418 1193 1423 1251 Ι
1451 1193 1793 1250 importunjtate
1821 1203 1866 1237 et

225 1275 538 1326 irreuerentia,
585 1289 724 1329 quum
768 1280 947 1329 tempus
990 1272 1205 1315 orationis
1243 1273 1564 1316 contenderem
1603 1273 1867 1328 augendum

226 1367 343 1407 esse,
377 1360 464 1396 etc.
498 1352 573 1395 Nil
602 1359 710 1394 tunc
741 1350 868 1404 dixit3
902 1352 982 1394 sed
1010 1350 1225 1406 postridie
1257 1351 1419 1393 acerbe
1443 1351 1457 1371 ³
1490 1364 1640 1393 coram
1679 1350 1868 1393 delectis

226 1445 298 1473 me
321 1429 625 1486 reprehendit:
653 1436 810 1485 postea
832 1443 923 1471 non
946 1428 1189 1471 admodum
1212 1442 1321 1470 Vsus
1343 1435 1412 1470 est
1434 1443 1534 1471 mea
1561 1441 1712 1483 opera.
1747 1430 1867 1471 Poe—

226 1508 464 1551 nitentiam
499 1507 623 1550 dedit
662 1505 782 1550 enim
820 1506 1041 1559 ministro,
1067 1513 1116 1547 vt
1150 1506 1415 1560 loqueretur
1459 1505 1545 1548 sibi
1582 1520 1687 1548 curn
1724 1504 1869 1561 primo

228 1592 337 1628 tono
366 1585 397 1628 ⁴.
436 1584 587 1627 Edidit
616 1599 669 1629 eo
709 1591 911 1639 tempore
949 1583 1132 1625 modurn
1163 1582 1330 1638 agendi
1359 1596 1462 1625 cum
1491 1582 1740 1638 superiore,
1771 1583 1868 1625 exi-

227 1662 361 1706 stimo
384 1668 567 1718 propter
589 1676 736 1706 meam
759 1660 1088 1704 immodestiam
1111 1661 1184 1702 vel
1206 1659 1610 1716 importunitatem3
1637 1667 1683 1703 et
1716 1667 1868 1704 tamen

225 1741 313 1782 hoc
336 1746 538 1795 tempore
565 1739 708 1782 multa
736 1744 859 1790 sunt,
892 1751 964 1780 me
996 1738 1236 1791 referente,
1263 1736 1384 1779 domi
1412 1736 1664 1781 immutata.
1696 1739 1768 1782 De
1795 1737 1866 1780 in-

227 1817 442 1861 uentione
480 1824 706 1859 tonorum.
748 1817 805 1858 Et
841 1817 931 1858 huc
969 1814 1184 1866 attinent,
1230 1830 1282 1859 ea
1320 1829 1437 1869 quae
1486 1814 1867 1869 quater43nione

224 1912 245 1933 α
277 1894 327 1954 [Ρ]
351 1896 364 1916 ⁵
388 1901 496 1937 sunt
517 1900 749 1937 annotata.

315 1973 499 2014 Emerat
523 1974 574 2014 P.
602 1969 808 2027 Ignatius
830 1969 1009 2012 vineam
1029 1970 1084 2012 ab
1102 1971 1365 2013 Alexandro
1382 1971 1596 2022 hebraeo,
1618 1972 1863 2026 neophyto,

225 2057 271 2093 et
294 2049 555 2094 aedificauit
578 2050 762 2091 domum
786 2062 843 2090 ex
865 2046 1052 2090 consilio
1077 2049 1137 2090 M.
1172 2047 1444 2089 Alexandri:
1470 2047 1747 2090 existimauit
1770 2062 1869 2091 esse

225 2142 337 2171 sano
354 2127 474 2170 loco.
488 2128 596 2169 Erat
615 2127 785 2169 Romae
802 2125 893 2168 don
910 2124 1207 2176 Theotonius,
1231 2124 1408 2179 quinon
1427 2125 1634 2180 placebat
1658 2126 1710 2167 Ρ.
1732 2126 1869 2182 Igna—
1935 2142 1958 2185 *fi

225 2205 305 2259 tio,
341 2212 386 2247 et
410 2204 506 2260 ipse
535 2203 666 2247 facile
695 2203 1060 2258 perturbabatur:
1094 2201 1354 2246 residebant
1382 2201 1429 2244 in
1452 2201 1551 2258 ipso
1574 2201 1789 2258 reliquiae
1812 2218 1867 2246 ex

223 2281 422 2338 dissidijs
450 2280 705 2338 praeteritis
735 2282 788 2323 P.
830 2279 1041 2324 Simonis:
1078 2278 1283 2323 exhibuit
1321 2279 1557 2335 negotium
1584 2281 1636 2322 P.
1669 2280 1862 2336 Ignatio.

225 2362 278 2403 P.
322 2359 555 2404 Simonem
602 2356 803 2402 intellexi
846 2356 985 2399 fuisse
1028 2358 1199 2400 Rornae
1242 2357 1487 2399 admodum
1530 2358 1862 2413 perturbatum,

224 2437 349 2493 quod
372 2451 464 2479 non
487 2443 640 2492 posset
667 2434 752 2478 sibi
780 2433 1043 2490 persuaderi
1071 2448 1162 2476 non
1193 2433 1331 2476 fuisse
1358 2433 1420 2476 illi
1445 2434 1609 2478 factam
1636 2434 1863 2486 iniuriam;

224 2528 317 2557 non
340 2513 480 2556 fuisse
518 2513 796 2556 credendum
833 2510 1127 2563 delatoribus,
1154 2518 1241 2553 etc.
1276 2512 1341 2554 Eo
1364 2525 1436 2554 res
1466 2511 1627 2564 euasit,
1660 2519 1709 2554 vt
1731 2513 1865 2554 domo

224 2591 404 2635 iuberet
431 2590 437 2649 Ι
466 2589 620 2650 [exire]
650 2590 880 2634 Simonem
913 2588 1141 2645 IgnatiUS,
1174 2603 1278 2631 nam
1306 2589 1454 2632 noluit
1483 2596 1602 2633 stare
1640 2588 1867 2632 iudicibus

228 2669 728 2739 Ἦαὸααῑιῑαε.

294 2755 308 2774 ²
361 2751 672 2799 Ms.,officium.

295 2813 310 2832 ³
361 2812 607 2856 Ms.,acerbe
621 2822 697 2846 me.

293 2873 309 2893 ⁴
360 2872 470 2906 Haec
500 2869 744 2906 enucleatius
780 2871 829 2904 ab
861 2869 946 2916 ipso
982 2869 1159 2905 ministro
1196 2869 1391 2916 explicata
1423 2871 1512 2906 vide
1546 2871 1586 2906 in
1616 2871 1747 2917 Epist.
1787 2871 1867 2906 Na-

220 2922 313 2977 tal„
333 2931 365 2977 Ι,
385 2929 444 2975 37,
465 2935 598 2966 annot.
615 2929 650 2965 3.
1235 2970 1237 2972 ,

292 2992 306 3012 ⁵
356 2990 444 3026 Non
462 2991 566 3025 clare
585 2989 755 3025 discerni
775 2994 906 3035 potest
925 3001 973 3025 an
991 3001 1025 3036 α,
1047 2990 1109 3024 vel
1129 2989 1233 3025 aliud
1253 2989 1381 3026 simile
1399 2990 1462 3026 hic
1481 2990 1668 3037 scriptum
1688 2991 1752 3025 sit.
