1958 3210
264 171 305 206 18
820 170 863 204 P.
893 169 1014 205 NATA
1021 177 1083 204 L1s
1109 170 1328 204 EPHEMER.

260 273 480 328 probante
504 269 710 320 Araosio,
737 269 811 311 cui
834 269 1073 313 videbatur
1095 269 1220 312 illum
1244 269 1394 325 potius
1417 271 1582 312 debere
1609 270 1895 323 contempla—

263 347 374 390 tioni
397 348 503 390 dare
527 359 709 401 operam
733 360 868 400 quam
892 345 1075 389 actioni.

351 423 518 479 Burgis
556 430 652 464 erat
682 424 734 465 P.
768 422 1062 475 Franciscus,
1094 438 1234 478 quum
1264 437 1351 479 ego
1380 424 1436 465 ad
1470 423 1596 465 illum
1626 421 1726 465 misi
1757 423 1891 465 Ioan-

260 516 364 545 nem
402 500 620 554 Paulum,
662 507 707 543 et
744 499 938 542 inuitaui
976 500 1031 542 ad
1070 499 1364 543 Lusitaniam.
1406 500 1545 544 Venit
1581 514 1685 542 cum
1723 501 1891 542 Busta-

259 577 430 620 mantio
453 584 498 620 et
522 577 768 620 Bernardo.
797 575 907 618 Eius
931 576 1176 619 auctoritas
1193 590 1478 632 summopere
1494 575 1611 619 iuuit
1626 590 1698 619 res
1722 578 1889 620 Portu—

262 654 442 710 galliae.

351 731 550 787 Exposui
588 745 777 774 examen
816 738 861 774 et
898 730 1049 785 aliqua
1085 744 1141 772 ex
1179 729 1595 773 constitutionibus.
1628 729 1895 773 Confirmati

261 807 462 852 omnium
485 808 621 850 animi
642 809 951 851 vehementer:
984 807 1035 849 fit
1063 822 1269 850 summus
1286 821 1536 850 concursus
1554 807 1610 849 ad
1632 806 1889 849 conciones.

263 886 465 928 Auctum
503 892 572 929 est
609 884 853 941 collegium
890 884 1258 940 vlissyponense,
1301 884 1455 927 addito
1483 884 1488 941 Ι
1517 883 1771 939 professore
1807 883 1892 925 lin-

263 976 382 1018 guae
404 976 596 1018 graecae
619 968 664 1005 et
686 961 948 1005 rethorices.
975 961 1227 1004 Conficitur
1247 969 1296 1003 vt
1318 961 1536 1017 suscipiat
1567 976 1645 1005 rex
1667 967 1712 1003 et
1733 960 1902 1004 ciuitas-

265 1039 443 1095 collegij
470 1053 640 1082 curam.

352 1117 519 1172 Recepi
541 1116 693 1159 literas
716 1132 741 1159 a
760 1118 811 1158 P.
834 1116 1027 1172 Ignatio,
1051 1118 1112 1171 5.⁰
1131 1116 1177 1173 (?)
1207 1118 1215 1137 ¹
1240 1131 1397 1160 mense
1420 1131 1554 1171 quam
1578 1115 1891 1167 discesseram,

264 1200 310 1237 et
326 1193 703 1236 constitutionum
720 1207 878 1237 verum
897 1194 1169 1249 exemplum.
1191 1194 1226 1236 F
1232 1193 1428 1236 undatur
1445 1194 1607 1235 domus
1623 1193 1825 1248 professa
1840 1193 1897 1235 ad

263 1270 357 1313 diui
380 1270 541 1313 Rochi.
573 1270 710 1313 Fiunt
738 1269 928 1326 professi
958 1283 986 1323 4
1014 1277 1223 1313 votorum
1252 1271 1342 1313 don
1364 1271 1589 1325 Goncalo,
1622 1270 1699 1326 qui
1727 1276 1897 1325 martyr

266 1347 366 1400 fuit,
393 1346 624 1390 Antonius
646 1362 672 1389 a
695 1348 923 1403 Quadros,
950 1347 1028 1402 qui
1049 1354 1118 1390 est
1141 1346 1294 1391 Indiae
1314 1346 1619 1403 prouincialis,
1646 1354 1691 1391 et
1713 1347 1897 1390 Gonza-

264 1424 353 1467 lius
375 1423 561 1476 Vazius,
588 1424 665 1479 qui
687 1431 757 1469 est
778 1431 988 1467 mortuus
1010 1423 1299 1480 prouincialis
1330 1423 1606 1468 Lusitaniae.
1634 1425 1801 1467 Factus
1830 1432 1901 1467 est

266 1501 501 1544 coadiutor
539 1501 781 1554 formatus,
822 1508 867 1545 et
905 1514 929 1544 2
968 1501 1207 1545 ediderunt
1242 1509 1353 1545 vota
1389 1501 1782 1544 scholasticorum:
1824 1501 1896 1557 alij

266 1579 590 1634 sequebantur,
611 1579 688 1634 qui
706 1580 1106 1635 repraesentabant
1123 1578 1334 1622 nouitios:
1357 1581 1468 1622 haec
1487 1593 1638 1621 coram
1656 1593 1781 1635 rege,
1808 1586 1895 1623 etc.

267 1655 421 1699 Habui
442 1670 531 1712 ego
553 1655 817 1700 concionem
835 1656 983 1700 victus
999 1656 1339 1712 importunitate
1357 1664 1630 1708 nostrorum,
1651 1671 1767 1712 quae
1785 1658 1901 1701 male

267 1732 418 1776 cessit.
445 1734 483 1776 4
508 1733 855 1795 Syndicationes
873 1733 1105 1777 concionis
1126 1749 1269 1778 meae.

358 1809 445 1866 Egi
482 1824 586 1853 cum
623 1810 794 1867 aliquot
831 1811 1139 1855 desertoribus
1175 1811 1317 1855 libere
1354 1817 1400 1855 et
1428 1811 1725 1855 confidenter:
1752 1826 1905 1866 neque>

268 1886 391 1929 volui
413 1886 590 1930 illorum
613 1902 774 1931 causas
796 1888 968 1932 audire:
996 1895 1172 1931 tantum
1194 1887 1303 1941 dixi,
1324 1888 1361 1931 si
1384 1889 1553 1932 vellent
1574 1888 1738 1942 redire,
1758 1903 1830 1932 me
1848 1904 1900 1933 ea

269 1964 326 2008 de
348 1979 397 2008 re
419 1978 524 2007 cum
547 1964 656 2020 ipsis
679 1971 901 2008 acturum.

358 2042 544 2096 Quanta
566 2041 853 2097 simplicitate
876 2041 1055 2098 egimus
1078 2042 1227 2086 Miron
1249 2050 1295 2086 et
1316 2057 1405 2099 ego
1427 2044 1549 2098 apud
1572 2057 1744 2099 regem.

361 2120 602 2175 Quomodo
621 2118 771 2163 Miron
789 2120 955 2175 agebat
971 2120 1027 2163 de
1043 2120 1179 2164 rebus
1193 2119 1353 2163 indicis
1367 2134 1472 2163 curn
1487 2120 1671 2163 nostris.
1693 2122 1745 2163 P.
1764 2122 1908 2164 Fran·

270 2196 419 2240 ciscus
440 2196 736 2239 concionatur
765 2210 869 2239 cum
897 2197 1047 2240 laude.
1074 2196 1228 2240 Alitur
1255 2212 1281 2240 a
1308 2211 1435 2254 rege,
1461 2211 1512 2240 ac
1541 2197 1767 2241 dominus.
1800 2187 1910 2240 Edit

269 2274 428 2317 ludum
456 2274 763 2317 chartularum
791 2273 1086 2330 spiritualem.
1120 2274 1349 2319 Conuenit
1378 2274 1496 2318 inter
1517 2289 1600 2318 nos
1633 2282 1682 2317 vt
1710 2275 1905 2331 praeiret

272 2353 325 2393 P.
356 2353 392 2394 F
395 2350 627 2394 ranciscus
665 2352 942 2404 Cordubam,
983 2352 1093 2394 dum
1130 2366 1218 2408 ego
1250 2351 1489 2395 visitabam
1519 2352 1827 2396 Conimbriam
1859 2361 1905 2396 et

271 2429 481 2471 Eboram:
513 2427 520 2485 Ι
548 2443 728 2471 rursum
745 2427 849 2471 dedi
866 2427 931 2470 illi
948 2429 1160 2471 Ioannem
1173 2429 1366 2471 Paulum
1384 2430 1610 2475 comitem.
1626 2430 1725 2473 Emi
1735 2431 1905 2474 mulam

271 2512 317 2548 et
339 2506 530 2558 mulum,
556 2505 682 2548 illum
705 2505 885 2548 Ioannis
909 2505 1056 2558 Pauli,
1082 2512 1169 2549 etc.
1195 2505 1555 2551 Discedebamus
1576 2507 1725 2552 Miron
1747 2515 1792 2552 et
1815 2522 1903 2565 ego

272 2583 444 2637 absque
472 2582 694 2638 pecunijs.
721 2582 839 2626 Dedi
862 2582 1227 2635 constitutiones,
1254 2583 1358 2627 dedi
1381 2586 1581 2640 regulas,
1607 2585 1758 2628 addidi
1791 2599 1908 2640 quae

271 2658 544 2702 videbantur
567 2659 715 2713 Vtiles,
748 2667 794 2703 et
821 2666 929 2702 sunt
960 2659 1166 2703 ordinata
1198 2675 1314 2716 quae
1352 2668 1586 2717 praeterea
1614 2663 1901 2706 videbantur.

346 2803 355 2822 ¹
408 2801 496 2836 Non
510 2802 613 2836 clare
632 2801 803 2837 discerni
822 2803 928 2838 valet
945 2802 1039 2849 quid
1056 2803 1129 2838 hoc
1152 2804 1238 2838 loco
1257 2804 1444 2850 scriptum
1463 2804 1600 2841 fuerit.
1623 2807 1682 2841 Ex
1703 2806 1822 2852 epist.
1847 2807 1909 2850 58,

271 2872 310 2894 n.
330 2867 366 2905 7,
386 2866 519 2895 nostra
550 2860 667 2896 lectio
698 2861 963 2897 commendari
982 2862 1151 2907 videtur3
1171 2874 1193 2898 a
1211 2874 1346 2898 mense
1372 2864 1474 2899 enim
1495 2864 1656 2911 Aprilis,
1680 2877 1756 2912 quo
1781 2865 1906 2901 Nadal

270 2919 393 2954 Roma
417 2919 667 2964 discesserat,
695 2921 743 2955 ad
773 2920 1060 2967 Septembrem,
1076 2933 1152 2969 quo
1176 2923 1366 2969 epistolae
1394 2924 1538 2970 Ignatii
1563 2924 1638 2971 ipsi
1664 2924 1909 2971 Ulyssipone

270 2977 384 3013 datae
400 2977 573 3024 fuerunt,
593 2979 764 3026 quinque
784 2979 940 3016 circiter
959 2993 1115 3017 menses
1140 2982 1384 3018 effluxerant.
1415 3008 1417 3010 .
