1958 3210
668 146 690 180 9
716 136 960 171 DECEMBRIS
990 137 1079 181 1562
1618 145 1684 182 179

817 307 939 346 ‘2210

592 395 885 433 DOMINICUS
912 395 1186 432 MENGINUS

447 480 630 522 PATRI
664 479 1038 522 HIERONYMO
1072 480 1289 522 NADAL

514 581 734 618 MoNACHn,
761 583 782 617 9
809 580 1043 607 DECEMssms
1074 572 1163 616 1562
1194 575 1218 606 ¹.

57 668 89 693 Ι.
108 655 579 702 Monaclziensesflagello
599 655 720 700 pestis
743 656 796 689 ad
826 655 1030 689 meliorem
1050 653 1221 701 frugem
1250 656 1507 691 redacti.—2.
1539 655 1681 692 Conta-

214 715 349 762 gionis
364 715 422 749 vis
435 715 636 749 remittere
651 714 823 748 videtur.
835 723 910 758 ——3.
928 713 975 747 In
989 714 1154 760 collegio
1173 725 1235 748 res
1250 713 1340 748 bene
1357 715 1515 750 cedunt.

854 797 875 829 ,Γ

824 834 913 875 Ihs.

149 941 184 971 Ι.
248 927 406 971 Gratia
440 934 486 970 et
517 943 603 983 pax
644 930 755 984 Jesu
786 927 954 970 Christi
987 927 1224 969 nobiscum
1258 942 1448 982 semper.
1482 926 1591 969 R.de
1632 927 1676 968 in

58 1005 235 1048 Christo
260 1007 407 1048 Pater.
435 1004 814 1060 Quandoquidem
838 1004 1004 1059 placuit
1032 1004 1146 1046 Rdo.
1182 1003 1304 1046 Patri
1332 1003 1597 1059 prouinciali
1627 1011 1675 1045 ut

60 1081 245 1124 subinde
269 1080 400 1124 R.dae
432 1080 695 1124 Paternitati
734 1088 839 1124 tuae
875 1082 931 1124 de
968 1080 1299 1123 monachiensis
1343 1080 1522 1135 collegii
1560 1087 1680 1122 statu

61 1157 312 1210 scriberem,
339 1157 383 1199 id
405 1157 686 1201 obedientiae
704 1172 868 1199 munus
886 1158 1006 1199 haud
1030 1157 1136 1199 mihi
1172 1171 1313 1213 graue
1336 1172 1435 1200 esse
1456 1155 1679 1200 existima-

61 1234 118 1286 ui,
140 1234 258 1290 quod
281 1234 364 1290 ipsi
387 1248 457 1276 me
481 1241 623 1276 toturn
647 1235 844 1278 debeam.
872 1235 1025 1288 Itaque
1046 1248 1203 1276 omnes
1228 1233 1429 1290 (Christo
1446 1233 1575 1287 laus),
1602 1233 1679 1287 qui

56 1311 100 1353 in
127 1313 211 1354 hoc
240 1311 434 1367 collegio
472 1310 614 1354 relicti
642 1325 819 1362 sumus,
860 1318 950 1354 tres
986 1310 1197 1354 videlicet
1233 1310 1491 1354 sacerdotes
1520 1310 1533 1329 '²
1575 1324 1677 1352 cum

55 1389 229 1431 duobus
257 1387 609 1440 coadiutoribus,
640 1402 851 1443 prospera
882 1386 1070 1428 fruimur
1100 1386 1375 1437 ualetudine,
1407 1386 1604 1440 laetique
1632 1385 1678 1428 in

53 1464 244 1507 Domino
266 1466 386 1516 Deo,
413 1479 502 1506 non
520 1463 647 1507 aliter
670 1479 804 1518 quam
822 1463 867 1505 in
892 1464 1079 1505 fratrum
1102 1462 1377 1518 praesentia,
1404 1477 1577 1514 sumus,
1604 1477 1675 1506 sa-

54 1555 171 1584 cram
190 1541 357 1584 Christi
378 1548 668 1597 expectantes
692 1541 1002 1592 Natiuitatem,
1029 1555 1161 1596 quam
1186 1541 1400 1596 populum
1424 1542 1545 1582 hunc
1578 1555 1675 1582 mo—

53 1617 336 1661 nachiensem
374 1633 400 1660 a
427 1617 589 1661 misera
626 1617 764 1673 pestis
792 1617 1012 1660 seruitute
1033 1617 1321 1660 liberaturam
1351 1631 1599 1671 speramus.
1631 1618 1673 1659 Is

52 1693 214 1737 etenim
237 1701 326 1736 tam
348 1695 486 1750 longo
510 1701 708 1749 tempore
731 1693 896 1736 diuinis
918 1693 1167 1749 castigatus
1190 1693 1396 1748 flagellis,
1423 1693 1478 1735 ad
1497 1693 1672 1735 caelum

51 1785 130 1826 pro
151 1770 393 1814 obtinenda
421 1770 723 1814 misericordia
746 1771 957 1822 clamare,
990 1785 1217 1826 purasque
1247 1784 1408 1812 manus
1437 1770 1493 1812 ad
1523 1772 1671 1813 Deum

51 1847 201 1891 leuare
230 1862 321 1890 non
347 1855 507 1890 cessat.
544 1847 664 1890 Hinc
692 1861 826 1901 quam
855 1846 975 1889 utilis
992 1853 1038 1889 et
1058 1853 1214 1889 sancta
1243 1846 1300 1888 sit
1329 1848 1441 1890 haec
1473 1845 1672 1889 uisitatio

51 1925 180 1966 modo
209 1924 362 1968 uidere
390 1924 509 1968 licet.
541 1924 663 1967 Olim
691 1923 910 1978 siquidem
939 1923 1283 1967 monachienses
1321 1938 1403 1965 sua
1440 1923 1589 1966 studia
1625 1923 1671 1965 in

50 2001 203 2043 mundi
223 2001 358 2044 huius
382 2000 689 2056 uoluptatibus
712 2000 947 2055 carnisque
976 2000 1146 2043 deliciis
1169 2000 1522 2043 constituebant.
1549 1999 1671 2043 Olim

50 2076 121 2119 hic
142 2077 280 2121 veluti
298 2093 378 2133 pro
399 2078 566 2121 virtute
588 2092 763 2120 summa
787 2077 1108 2120 scommatibus
1139 2077 1261 2119 falsis
1291 2077 1410 2119 uiros
1438 2076 1672 2132 religiosos

49 2167 100 2196 ac
115 2153 331 2196 virtutum
350 2154 575 2197 studiosos
589 2155 812 2198 lacescere
826 2152 920 2211 [sic]
935 2155 1201 2207 habebatur,
1221 2160 1370 2209 spreta
1388 2153 1508 2195 omni
1526 2152 1670 2207 pieta—

49 2236 107 2283 te,
133 2230 344 2286 omnique
366 2238 622 2286 contempta
644 2231 875 2287 religione.
899 2232 1032 2274 Nunc
1054 2245 1181 2284 uero,
1203 2229 1385 2286 cognita
1403 2228 1487 2272 Dei
1509 2236 1668 2284 poten-

47 2305 120 2360 tia,
146 2307 319 2350 animos
347 2308 518 2350 feroces
545 2307 591 2349 in
619 2315 877 2350 mansuetos
905 2322 956 2350 ac
979 2307 1214 2363 religiosos
1238 2307 1578 2349 transtulerunt.
1607 2305 1668 2348 Hi

46 2382 261 2437 Siquidem
290 2383 496 2440 diligenti
518 2384 666 2426 studio
688 2384 841 2426 diuina
870 2398 991 2427 nunc
1013 2384 1347 2439 amplectuntur
1369 2388 1664 2425 sacramenta.

46 2459 320 2514 Frequenter
338 2461 456 2516 apud
474 2475 572 2514 nos,
591 2461 969 2515 quemadmodum
987 2467 1032 2504 et
1046 2460 1092 2502 in
1110 2458 1350 2515 parochiis,
1372 2457 1667 2500 absolutionis

115 2579 124 2598 ¹
175 2578 232 2611 Ex
250 2579 503 2624 autographo,
523 2578 561 2613 in
583 2578 677 2613 Cod.
697 2589 748 2623 29
767 2579 819 2624 b),
839 2578 984 2624 duplici
1003 2578 1093 2622 fol.‚
1114 2587 1175 2622 42,
1194 2577 1281 2621 42.⁸
1298 2576 1412 2619 (108).

113 2638 127 2656 ‘-'
176 2637 224 2671 P.
246 2636 426 2672 Canisius
445 2637 483 2672 in
503 2638 666 2683 epistola
681 2646 724 2683 24
737 2637 973 2672 Novembris
992 2637 1082 2681 1562
1096 2635 1298 2671 Leonardo
1313 2635 1452 2669 Kessel
1467 2634 1555 2669 data
1569 2635 1665 2669 haec

45 2692 109 2728 ait:
136 2695 196 2729 «E
219 2695 420 2730 Monachio
445 2696 767 2741 transmigrarunt
791 2697 912 2731 nostri
943 2696 982 2730 in
1012 2694 1287 2730 monasterium
1312 2693 1443 2739 procul
1467 2692 1662 2734 dissitum,

43 2751 186 2787 relictis
204 2754 248 2790 P.
265 2754 444 2798 Martino‚
465 2755 507 2789 Ρ.
530 2755 732 2790 Dominico
751 2761 790 2790 et
808 2755 932 2790 tribus
952 2755 1035 2789 aliis
1055 2752 1284 2798 Monachij.»
1305 2753 1362 2786 Ex
1380 2751 1439 2786 his
1459 2751 1577 2796 igitur
1591 2751 1660 2786 tri—

41 2811 113 2845 bus
131 2812 395 2848 sacerdotibus
413 2813 489 2848 duo
508 2813 666 2848 fuerunt
685 2815 870 2849 Martinus
896 2812 1174 2848 Stevordianus
1199 2817 1239 2846 et
1263 2810 1490 2846 Dominicus
1515 2810 1662 2856 Mengi-

43 2880 128 2913 nus,
145 2871 258 2916 hujus
276 2877 408 2907 auctor
427 2872 628 2918 epistolae,
647 2872 695 2907 de
713 2884 788 2919 quo
808 2872 896 2907 vide
915 2873 1268 2914 BRAUNSBERGER,
1288 2871 1365 2905 loc.
1389 2869 1472 2913 cit.,
1492 2870 1563 2915 III,
1579 2877 1664 2913 212,

42 2929 125 2975 539,
146 2936 184 2966 et
203 2933 394 2978 HANSEN,
414 2934 487 2968 loc.
507 2932 589 2978 cit.,
609 2932 693 2980 351,
708 2933 792 2979 649.
