1958 3210
776 202 994 239 APPENDJX
1623 202 1689 241 583

1621 241 1638 248 ν

67 306 135 350 cia
159 304 376 349 Bauariae
398 303 444 348 in
467 306 658 362 collegio
681 303 1002 357 monachiensi,
1022 311 1067 347 et
1083 319 1173 347 non
1198 304 1260 347 fui
1278 303 1558 349 examinatus
1581 312 1689 347 tunc

68 365 295 421 temporis.
331 366 541 420 Quatuor
578 365 772 408 minores
800 363 977 406 ordines
1015 365 1165 407 habet.
1198 365 1247 406 In
1283 365 1459 406 duobus
1486 363 1690 419 collegijs

68 424 168 467 fuit:
195 424 240 466 in
262 423 567 466 monachiensi
592 431 636 468 et
668 423 916 466 viennensi.
953 424 1000 464 In
1035 422 1375 478 ingolstadiensi
1406 429 1578 465 tantum
1611 438 1690 478 per

68 483 185 527 diem
210 482 308 524 fuit.
342 484 389 524 In
413 484 535 525 nulla
565 485 775 525 facultate
797 489 865 524 est
896 489 1137 537 promotus.
1172 484 1430 536 Antequam
1459 482 1690 537 ingressus

70 549 138 586 est
161 542 447 594 Societatem,
473 542 645 584 studuit
669 543 760 583 fere
788 556 866 596 per
894 541 1140 583 biennium:
1167 555 1287 583 nunc
1311 541 1355 582 in
1379 541 1619 592 Societate,
1645 548 1690 583 et

71 601 156 643 iam
180 601 427 644 secundum
451 615 617 642 annum
648 602 813 643 studet.
846 601 1087 654 Nunquam
1118 607 1448 655 praeceptorem
1472 600 1581 656 egit,
1607 614 1690 643 nec

68 660 113 702 in
137 659 377 710 Societate,
403 674 487 703 nec
509 674 611 701 cum
634 660 781 702 adhuc
803 666 1015 702 externus
1037 667 1146 702 erat.
1169 659 1262 715 [1V‚
1289 660 1374 712 674
1396 660 1439 716 v]
1694 694 1696 696 ,

161 731 196 761 Ι.
262 719 478 760 Sz‘lnester
508 719 737 760 Nosbczmn
768 732 1024 773 germanus,
1056 718 1197 773 patria
1227 717 1512 760 treuerensis.
1546 730 1586 760 2.
1624 719 1689 760 Ex

66 776 289 833 provintia
315 777 506 832 belgica,
538 792 671 832 quam
702 791 822 819 nunc
851 776 1054 831 germani
1083 777 1299 819 incolunt.
1333 790 1372 830 3.
1406 778 1509 820 Non
1542 776 1689 819 minus

67 851 199 902 quam
223 850 277 890 30
299 851 440 878 annos
463 851 562 878 sum
585 844 732 888 natus,
753 836 877 878 iuxta
895 850 1039 878 meam
1056 835 1369 878 memoriam..
1402 848 1467 878 12.
1495 837 1585 879 Sex
1608 850 1689 877 an-

67 895 136 937 nis
159 897 326 938 Romae
348 910 447 937 sum
470 895 718 951 ingressus,
749 902 794 937 et
821 894 1101 937 examinatus
1123 895 1169 937 in
1197 895 1328 937 domo
1356 894 1684 960 probationis...

73 967 136 1008 14.
160 955 269 998 Sum
293 954 610 997 subdiaconus.
645 967 709 1008 15
744 956 927 1006 Romae,
960 955 1139 1005 Loreto‚
1172 953 1416 1004 Foroliuio,
1443 953 1486 995 in
1511 956 1689 996 Monte-

70 1013 225 1069 regali,
254 1013 595 1064 Pademontani,
634 1013 844 1058 Treueris
873 1020 917 1054 et
947 1012 1227 1068 Moguntiae.
1273 1024 1339 1066 17.
1379 1014 1428 1054 In
1463 1012 1689 1056 Societate

28 1110 34 1116 .
69 1072 202 1115 docui
225 1079 269 1114 et
291 1073 431 1114 doceo
453 1072 706 1115 rudimenta
733 1086 897 1128 pueros
919 1071 1226 1126 moguntinos,
1252 1081 1297 1113 et
1319 1073 1434 1115 bene
1465 1071 1678 1115 scribere.

76 1132 140 1174 16.
169 1133 379 1174 Preterea
401 1131 689 1174 accomodaui
707 1146 777 1173 me
795 1131 1113 1186 superioribus,
1135 1131 1208 1173 uel
1225 1130 1485 1173 fabricando
1503 1130 1685 1184 aliquid,

69 1191 140 1234 vel
162 1191 421 1245 sculpendo,
447 1191 519 1233 vel
542 1191 784 1245 pingend03
806 1196 1075 1245 quapropter
1092 1189 1226 1233 etiam
1243 1189 1391 1232 minus
1409 1190 1590 1231 studere
1608 1204 1687 1244 po-

70 1249 135 1291 tui
157 1256 202 1291 et
223 1250 439 1304 proficere
461 1249 506 1291 in
528 1249 682 1300 literis,
709 1249 813 1303 quia
835 1250 891 1291 ad
912 1248 997 1290 ista
1020 1248 1082 1290 fui
1106 1248 1359 1291 inclinatus.
1387 1248 1479 1304 [1V,
1507 1249 1607 1305 692]

162 1321 197 1351 Ι.
262 1308 418 1350 Simon
451 1309 655 1350 Belostus
682 1323 836 1350 vocor.
880 1320 924 1350 2.
965 1318 1016 1361 55
1047 1322 1188 1350 annos
1220 1315 1367 1349 natus.
1404 1321 1443 1361 3.
1480 1306 1685 1350 Nationis

67 1367 330 1423 anglicanae
361 1368 445 1410 sub
483 1367 743 1423 episcopatu
780 1366 1114 1409 lincolniensi...
1162 1379 1226 1409 12.
1264 1366 1443 1409 Tertius
1471 1366 1565 1421 jam
1594 1365 1689 1421 agit
1740 1398 1744 1404 .

67 1441 227 1478 annus,
254 1441 344 1481 quo
362 1426 594 1482 ingressus
616 1442 715 1469 sum
739 1426 1025 1476 Societatem,
1051 1425 1275 1477 videlicet,
1297 1427 1464 1468 Romae
1488 1425 1533 1467 in
1556 1425 1689 1467 domo

66 1493 218 1528 nostra
240 1485 490 1541 principali.
528 1499 598 1540 13.
633 1488 773 1535 Bona,
800 1499 915 1539 quae
938 1484 1090 1536 habui,
1115 1484 1273 1539 quinto
1295 1484 1367 1528 die
1390 1491 1489 1539 post
1511 1484 1688 1539 ingres-

67 1560 167 1587 sum
189 1545 290 1587 dedi
312 1544 356 1586 in
386 1559 546 1587 manus
576 1545 689 1587 Rdo.
724 1544 845 1586 Patri
876 1543 1114 1594 Federico,
1146 1543 1419 1586 nouitiorum
1443 1550 1550 1585 tunc
1575 1551 1690 1586 tem-

67 1603 187 1659 poris
214 1604 500 1646 confessario.
538 1617 604 1656 14.
638 1603 786 1647 Sacris
814 1618 912 1645 sum
942 1602 1141 1646 initiatus
1170 1610 1214 1645 et
1251 1603 1459 1646 sacerdos
1489 1603 1544 1644 ab
1573 1617 1690 1645 anno

71 1663 389 1706 incarnationis
413 1663 593 1705 Domini
627 1674 751 1717 1533.
790 1673 859 1716 15.
902 1665 988 1704 Pro
1017 1668 1220 1716 tempore
1247 1676 1325 1704 sex
1349 1676 1569 1704 annorum
1592 1668 1689 1703 stu-

70 1722 148 1764 dui
171 1722 375 1767 Oxoniae
398 1721 443 1763 in
465 1721 655 1777 collegio
678 1721 982 1763 martoniensi.
1016 1721 1081 1763 16.
1109 1721 1271 1776 Quoad
1298 1720 1584 1775 probationes
1606 1722 1691 1764 Soa

69 1780 257 1824 cietatis.
290 1794 305 1824 Ι
322 1816 329 1823 .
344 1781 362 1799 ⁰
385 1782 608 1823 Exercitia
629 1782 701 1823 illa
724 1780 969 1836 spiritualia
991 1795 1081 1821 non
1099 1782 1245 1823 adhuc
1263 1779 1416 1833 habui,
1437 1781 1517 1823 sed
1535 1794 1689 1823 eorum

70 1840 260 1896 cupidus
295 1841 440 1892 valde,
473 1848 523 1882 ut
554 1841 718 1882 dentur
749 1840 856 1881 mihi
888 1854 968 1895 pro
1001 1854 1150 1882 amore
1182 1838 1363 1881 Domini
1394 1839 1686 1894 expostulo...

75 1911 144 1952 17.
171 1901 271 1957 Jam
295 1899 478 1954 Lovanij
503 1914 705 1953 manens,
731 1900 966 1954 anglorum
985 1899 1265 1952 quorundam
1283 1898 1589 1941 consessiones
1607 1912 1664 1940 au
1679 1924 1690 1928 -

67 1958 157 2011 dio,
183 1973 234 2001 ac
256 1959 426 2014 aliquas
449 1959 688 2001 conciones
711 1958 846 2000 facio.
894 1959 963 2000 18.
1002 1958 1201 2011 Simplex
1229 1965 1385 2000 votum
1413 1957 1517 1999 vovi
1539 1971 1689 1999 coram

14 2028 21 2034 ·
66 2019 94 2059 d
111 2018 247 2060 >mino
269 2019 367 2060 Deo
390 2017 699 2072 omnipotenti,
725 2018 854 2060 divae
876 2016 1041 2073 virgini
1070 2016 1258 2068 Mariae,
1291 2016 1500 2058 omnibus
1522 2016 1690 2058 sanctis

68 2084 112 2120 et
134 2076 380 2120 venerabili
403 2077 526 2120 Patri
550 2077 783 2128 Madridio,
811 2078 926 2119 festo
956 2075 1047 2118 divi
1078 2075 1306 2130 Laurentij
1344 2076 1469 2129 1560.
1504 2087 1574 2117 21.
1603 2077 1692 2117 Pa-

69 2142 136 2179 ter
159 2136 388 2179 Adrianus
417 2144 485 2180 est
512 2136 620 2179 mihi
652 2151 826 2192 semper
855 2135 1209 2179 confessarius...
1244 2134 1452 2189 Lovanij.
1495 2136 1595 2190 Ego
1620 2134 1692 2178 Si-

67 2210 171 2237 mon
206 2196 412 2239 Belostus
450 2197 611 2251 anglus
648 2210 747 2239 mea
784 2209 918 2237 manu
953 2194 1131 2250 propria
1173 2207 1188 2237 Ι
1224 2194 1329 2250 Julij
1372 2194 1501 2247 1562.
1553 2194 1688 2248 [δεῖμ]

76 2267 112 2297 1.
138 2256 205 2296 Ex
226 2268 315 2309 quo
337 2255 607 2299 Societatem
631 2254 878 2310 ingressus,
900 2261 944 2297 et
967 2270 991 2297 a
1014 2253 1166 2295 multis
1189 2252 1407 2296 anteactis
1426 2252 1571 2304 annis,
1592 2267 1691 2294 orn—

70 2328 173 2356 nem
212 2314 477 2369 theologicis
515 2314 675 2356 studiis
712 2317 862 2357 meam‘
894 2313 1090 2368 impendi
1119 2312 1473 2368 provinciam...
1523 2312 1568 2353 6.
1617 2312 1693 2354 Ad

71 2373 261 2426 gradum
298 2373 542 2428 magisterij
581 2380 892 2429 promotus...
931 2371 1115 2426 Lovanij
1157 2383 1180 2413 2
1214 2371 1319 2428 Julij
1358 2372 1487 2425 1562.
1536 2370 1691 2414 Simon

73 2432 298 2475 Belostus.
336 2434 426 2488 [1V,
454 2433 551 2487 674]

165 2504 204 2533 Ι.
275 2491 528 2546 Stephanus
549 2492 828 2534 Mz‘mbellus.
859 2503 898 2533 2.
927 2490 1101 2546 Viginti
1130 2505 1227 2533 seX.
1269 2503 1308 2543 3.
1338 2489 1616 2543 Burgundus
1636 2502 1692 2531 ex

68 2550 299 2603 comitatu,
325 2551 710 2606 archiepiscopatu
727 2564 834 2593 vero
851 2549 1172 2601 berantinensi,
1193 2548 1484 2602 eiusdemque
1501 2547 1686 2602 patriae.

47 2615 49 2618 ’
70 2620 109 2662 7.
136 2610 367 2664 Sequebar
389 2610 554 2652 aulam.
576 2643 584 2651 .
607 2644 614 2651 .
653 2622 718 2652 12.
746 2611 856 2652 Tres
879 2609 999 2661 anni,
1031 2614 1328 2663 receptusque
1357 2609 1526 2650 Romae
1554 2621 1579 2648 a
1602 2607 1691 2649 Pa-

69 2668 212 2710 tribus
247 2669 417 2721 Natali,
457 2668 697 2719 Madridio,
731 2669 944 2719 Polanco,
976 2675 1021 2711 et
1050 2669 1105 2709 ab
1135 2667 1291 2721 ijsdem
1324 2665 1651 2709 examinatus..

74 2739 139 2780 14.
175 2729 383 2771 Ouatuor
411 2728 590 2770 ordines
628 2727 821 2771 minores
858 2728 1049 2771 habeo.
1072 2761 1080 2768 .
1134 2739 1203 2782 19.
1252 2728 1437 2769 Praeter
1465 2726 1582 2767 bona
1610 2740 1691 2780 pa-

69 2793 211 2838 terna,
236 2788 456 2830 habebam
478 2787 628 2829 villam
652 2787 891 2841 quandam,
917 2786 962 2828 in
986 2801 1073 2840 qua
1095 2792 1220 2829 erant
1250 2784 1364 2838 agri,
1396 2785 1537 2827 boues
1563 2784 1691 2826 deni-

68 2859 155 2899 que
184 2853 229 2888 et
260 2847 459 2890 iumenta
487 2846 699 2890 derelicta
729 2852 996 2889 testamento
1028 2846 1083 2887 ab
1117 2839 1342 2887 auunculo
1370 2844 1584 2898 quodam,
1615 2843 1690 2897 qui

69 2912 257 2947 mortem
291 2905 496 2949 obierat..
560 2906 724 2961 [Mag]
772 2918 811 2947 1.
859 2907 928 2948 De
960 2904 1159 2947 moribus
1196 2903 1239 2944 in
1275 2918 1427 2945 mensa
1459 2902 1692 2946 seruandis

72 2964 302 3009 Turnone.
338 2977 382 3019 7.
414 2966 609 3009 Centum
632 2972 677 3007 et
699 2964 997 3020 septuaginta.
1026 2964 1169 3019 [Sela]
1211 2976 1246 3006 1.
1273 2969 1513 3017 antequam
1536 2961 1687 3008 Socie-
