1958 3210
266 194 337 229 622
900 191 1038 226 EPIST.
1066 190 1111 226 P.
1140 190 1291 227 NADAL

268 294 505 360 expeditus
528 300 664 345 esset,
697 307 748 335 ac
778 306 1153 359 unumquemque
1183 293 1253 336 sui
1285 295 1421 338 officii
1450 273 1661 341 accurate
1689 306 1910 351 moneret,

267 354 441 396 animos
463 352 666 395 omnium
690 353 746 395 ad
768 351 1008 396 Societatis
1030 350 1289 395 institutum
1312 354 1518 399 celeriter
1541 364 1776 401 reuocaret
1793 364 1838 400 et
1856 332 1913 400 ad

268 411 648 456 constitutionum
672 411 1039 455 obseruationem
1062 410 1306 467 diligenter
1333 422 1626 469 prouocaret.
1657 415 1808 471 potius
1842 423 1908 460 ta-

268 487 372 516 men
395 472 503 515 dum
526 473 639 515 haec
656 472 870 524 efficeret,
891 470 1062 522 suauis,
1084 470 1326 525 iucundus,
1346 473 1513 527 hilaris,
1534 475 1680 518 laetus
1697 489 1750 518 ac
1768 475 1909 518 facilis

267 546 366 576 esse
389 545 524 586 quam
548 531 670 573 aliud
688 545 825 587 agere
848 530 1095 574 uideretur.
1117 531 1258 574 Nouit
1281 547 1446 588 magna
1470 540 1565 577 arte
1586 533 1776 577 afflictos
1797 549 1908 577 con—

265 590 415 643 solari,
437 605 631 646 pressos,
653 597 696 634 et
720 589 797 646 qui
815 589 977 646 pusillo
999 596 1106 632 sunt
1129 589 1278 633 animo
1300 591 1568 636 dexteritate
1591 593 1840 636 admirabili
1862 593 1909 637 in

266 650 480 693 maiorem
498 649 698 692 animum
716 649 908 705 erigere,
931 648 1147 692 tardiores
1164 650 1366 694 suauiter
1382 651 1627 707 impellere,
1648 652 1904 708 celeriores,
1942 686 1946 688 -

266 725 322 752 ne
346 710 631 766 frangantur,
652 716 747 753 arte
770 710 964 764 quadam
987 708 1225 752 moderari:
1253 710 1494 766 tepidiores
1517 711 1810 766 inflammare,
1836 712 1908 755 in—

263 770 517 812 flammatos
554 782 851 820 conseruare,
885 767 1097 811 omnibus
1124 768 1320 824 denique
1348 770 1499 812 omnia
1527 771 1645 825 fieri,
1682 778 1727 815 et
1757 778 1908 816 tamen

263 828 382 872 idem
400 842 584 884 prorsus
602 842 801 881 manere,
822 842 874 870 ac
898 827 1087 884 genuini
1105 828 1345 872 Societatis
1362 829 1546 885 spiritus
1564 830 1743 886 insigne
1760 831 1907 886 speci-

264 903 367 931 men
385 887 651 944 exprimere.
675 889 731 930 Et
751 895 799 930 ut
816 887 1061 943 collegium
1080 887 1248 931 rectius
1266 888 1539 942 institueret,
1553 889 1907 934 consuetudines

263 947 438 1002 aliquas
466 947 553 990 iam
578 947 792 998 aboleuit,
819 947 984 989 multas
1013 947 1313 999 confirmauit,
1340 963 1392 991 ac
1416 950 1655 992 nonnullas
1678 949 1812 993 etiam
1835 949 1906 993 in—

263 1007 480 1060 troduxit;
508 1006 702 1058 tametsi,
724 1021 840 1061 quae
864 1006 1105 1062 praecipua
1122 1014 1266 1059 erant,
1287 1022 1378 1049 non
1397 1007 1616 1064 attigerit,
1638 1009 1759 1063 quod
1781 1009 1906 1064 prius

261 1081 485 1122 pragense
509 1065 751 1122 collegium
769 1065 1099 1121 inspiciendum
1123 1081 1222 1110 esse
1244 1066 1478 1120 iudicaret,
1500 1068 1727 1112 rediturus
1747 1069 1804 1111 ad
1820 1083 1904 1112 nos

261 1126 382 1178 inde,
416 1132 466 1168 ut
495 1141 611 1181 quae
641 1125 714 1168 hic
753 1139 805 1168 ac
835 1125 880 1167 in
915 1132 1008 1181 tota
1041 1127 1126 1169 hac
1155 1125 1388 1181 prouincia
1415 1127 1663 1170 constituta
1700 1128 1901 1171 nondum

261 1192 406 1238 erant,
432 1185 684 1228 absolutius
707 1184 1024 1227 conficiantur.

349 1244 703 1300 Decimoquarto
726 1245 937 1287 calendas
962 1244 1067 1300 Maji
1091 1243 1287 1286 instituit
1310 1246 1363 1288 R.
1392 1247 1444 1288 Ρ.
1467 1245 1800 1289 commissarius
1817 1261 1901 1290 uo-

262 1312 409 1347 torum
432 1304 791 1356 innouationem,
818 1319 933 1359 quae
951 1306 1037 1346 hoc
1055 1303 1274 1346 celebrior
1293 1305 1392 1356 fuit,
1415 1306 1537 1360 quod
1555 1306 1899 1360 quatuordecim

262 1364 424 1407 nouitii
453 1379 545 1407 non
574 1364 636 1406 ita
665 1365 808 1406 multo
838 1371 943 1407 ante
972 1378 997 1406 e
1026 1364 1162 1406 domo
1191 1364 1467 1419 probationis
1506 1364 1680 1418 educti,
1712 1380 1900 1408 suorum

259 1431 473 1466 uotorum
498 1423 717 1480 primitias
740 1438 793 1467 eo
818 1430 1019 1479 tempore
1036 1423 1332 1466 celebrarent.
1354 1424 1523 1466 Attulit
1540 1426 1652 1467 haec
1669 1439 1741 1468 res
1759 1425 1901 1468 omni-

256 1484 342 1526 bus
366 1498 579 1539 magnam
602 1482 821 1538 imprimis
845 1482 1215 1536 consolationem.
1240 1485 1593 1527 praecesserunt
1615 1492 1767 1527 autem
1789 1487 1901 1528 haec
1957 1537 1958 1540 Ἴ

255 1551 379 1595 uota,
412 1558 495 1599 pro
527 1542 767 1587 Societatis
796 1542 1126 1586 consuetudine
1154 1542 1390 1595 laudabili,
1417 1543 1786 1587 mortificationes
1820 1559 1900 1587 ua—

254 1602 360 1645 riae:
389 1617 441 1645 ac
464 1609 642 1658 praeter
664 1602 858 1658 flagella,
884 1601 1011 1644 licuit
1035 1601 1283 1657 aliquibus,
1316 1602 1591 1645 nouitiorum
1621 1618 1745 1646 more
1767 1603 1898 1647 uiue-

252 1676 316 1714 re,
343 1662 440 1705 aliis
464 1668 713 1718 emptorem
737 1677 816 1717 per
838 1661 1067 1705 ciuitatem
1093 1661 1236 1717 sequi,
1263 1675 1315 1703 ac
1336 1676 1452 1716 quae
1475 1663 1689 1706 emissent
1712 1663 1895 1706 domum

254 1722 386 1774 ferre,
413 1721 510 1764 aliis
540 1722 729 1765 asellum
759 1728 924 1764 onusto
953 1720 1104 1764 currui
1134 1720 1339 1763 iunctum
1370 1736 1450 1777 per
1479 1721 1711 1765 ciuitatem
1739 1737 1892 1779 agere,

251 1781 349 1823 aliis
372 1796 453 1836 pro
471 1780 665 1837 captiuis
683 1780 1001 1824 eleemosinam
1020 1788 1189 1836 petere,
1212 1780 1308 1823 aliis
1327 1780 1532 1824 uestibus
1553 1781 1757 1825 laceratis
1774 1782 1896 1825 domi

250 1840 332 1893 uti,
359 1840 457 1883 aliis
479 1840 695 1883 exercitia
718 1840 967 1896 spiritualia
988 1839 1157 1893 subire,
1183 1839 1281 1883 aliis
1304 1840 1427 1893 alias,
1449 1854 1502 1883 ac
1520 1856 1613 1884 non
1632 1841 1780 1884 minus
1803 1842 1894 1884 uti-

250 1901 315 1943 les
335 1914 468 1955 quam
487 1901 856 1943 accommodatas
874 1899 1245 1943 mortificationes
1263 1899 1507 1955 suscipere,
1521 1915 1609 1955 qua
1626 1900 1673 1942 in
1684 1914 1732 1943 re
1749 1915 1894 1956 usque

248 1974 303 2003 eo
325 1961 580 2015 flagrabant
603 1974 777 2011 omnes,
805 1966 854 2002 ut
872 1959 1073 2015 grauiter
1091 1959 1261 2003 ferrent
1279 1960 1459 2014 quando
1478 1961 1531 2002 R.
1557 1962 1609 2003 P.
1631 1960 1893 2003 commissa--

249 2019 343 2062 rius
366 2019 538 2063 diceret
560 2020 677 2062 uelle
700 2034 748 2063 se
773 2019 1012 2075 indulgere
1029 2018 1152 2074 ipsis,
1175 2033 1344 2073 eosque
1362 2019 1667 2074 poenitentiis,
1689 2034 1894 2075 praeser-

250 2078 327 2120 tim
366 2078 630 2134 disciplinis,
664 2093 755 2121 non
784 2093 1001 2134 grauare,
1034 2078 1155 2132 quod
1184 2078 1389 2134 germani
1426 2086 1601 2132 essent3
1635 2093 1724 2134 quo
1753 2080 1894 2123 uerbo

206 2162 211 2168 ν
249 2152 406 2181 omnes
445 2137 682 2191 commoti,
717 2137 956 2193 indignum
988 2152 1086 2182 esse
1117 2138 1385 2190 credebant,
1423 2138 1708 2194 indulgentia
1739 2153 1894 2182 secum

248 2197 323 2253 agi
346 2213 398 2241 ea
421 2205 564 2253 parte,
591 2197 697 2253 quia
719 2198 891 2240 nollent
916 2196 1017 2240 ullis
1040 2197 1085 2239 in
1115 2196 1343 2241 Societate
1370 2211 1470 2241 esse
1494 2197 1743 2251 inferiores;
1780 2212 1893 2253 qua-

248 2272 310 2309 re,
344 2257 520 2300 tametsi
550 2256 720 2313 singuli
750 2258 902 2312 plures
936 2271 987 2299 ac
1025 2256 1341 2312 grauiusculas
1378 2257 1680 2312 poenitentias
1718 2257 1890 2313 pridem

247 2317 570 2372 suscepissent,
598 2323 647 2359 ut
671 2323 823 2360 tamen
846 2315 1015 2371 aliquid
1044 2315 1179 2363 etiam
1208 2316 1413 2372 germani
1444 2316 1634 2359 feruoris
1667 2324 1890 2360 testaren-

249 2383 337 2429 tur,
364 2391 454 2431 quo
484 2376 645 2432 partim
678 2375 801 2418 Patri
830 2377 1011 2419 abunde
1039 2375 1367 2427 satisfacerent,
1400 2375 1562 2431 partim
1592 2375 1727 2419 etiam
1756 2390 1805 2419 se
1834 2377 1890 2419 ad

248 2443 456 2478 votorum
482 2435 825 2480 renouationem
847 2435 1008 2480 melius
1030 2442 1365 2490 praepararent,
1391 2436 1600 2479 confecto
1630 2450 1733 2478 cum
1755 2435 1888 2478 noui-

248 2495 412 2537 tiorum
437 2502 533 2537 tum
560 2496 747 2538 fratrum
777 2495 915 2551 longo
937 2495 1161 2550 catalogo,
1198 2509 1391 2549 quorum
1420 2494 1589 2550 singuli
1620 2494 1888 2551 flagellatio-
1913 2547 1917 2552 .

248 2569 328 2597 nes
350 2561 572 2610 peterent,
596 2556 777 2598 Patrem
796 2555 981 2608 adeunt,
1003 2568 1054 2596 ac
1074 2560 1249 2596 tantum
1268 2561 1448 2609 rogant,
1471 2561 1520 2596 ut
1537 2554 1633 2610 ipse
1655 2569 1746 2597 non
1765 2560 1855 2597 tam
1877 2555 1887 2575 ¹

248 2614 535 2670 indulgentia
563 2613 756 2681 amplius
784 2613 1045 2668 conniuere‚
1079 2628 1231 2669 quam,
1264 2614 1385 2668 quod
1416 2613 1603 2656 nimium
1641 2620 1886 2670 peteretur,

248 2688 458 2717 recusare
481 2673 630 2729 potius
661 2673 926 2716 uideretur.

383 2735 453 2776 F
457 2740 557 2775 acta
580 2732 714 2776 etiam
738 2732 825 2776 illis
846 2708 1073 2790 [externis]
1100 2746 1266 2798 magna
1289 2731 1459 2774 cumuli
1481 2731 1661 2774 maioris
1683 2731 1890 2775 deuotio-

249 2791 319 2835 nis
341 2792 540 2836 accessio
562 2799 647 2845 est,
669 2792 790 2847 quod
808 2794 860 2835 R.
881 2794 933 2835 Ρ.
955 2791 1289 2835 commissarius
1312 2792 1585 2843 mandasset,
1607 2791 1778 2833 romani
1795 2791 1889 2833 col-

249 2851 357 2907 legii
377 2866 516 2905 more,
533 2827 732 2895 officium
751 2852 1060 2895 hebdomadae
1078 2858 1234 2894 sancte
1251 2850 1521 2894 suauissima
1537 2849 1887 2907 appositissima-

321 2981 333 3002 ¹
383 2983 491 3017 Haec
510 2982 698 3029 particula
717 2982 847 3017 addita
866 2982 940 3018 fuit
958 2994 978 3017 a
994 2983 1036 3017 P.
1059 2982 1241 3017 Polanco.
