1958 3210
296 211 343 257 48
862 211 906 246 P.
934 210 1121 246 NATAL1S
1148 212 1365 246 EPHEMER.

387 312 570 366 Agebat
594 310 744 353 omnia
768 313 819 352 P.
846 311 883 353 F
886 310 1118 353 ranciscus
1139 312 1211 354 vel
1234 326 1313 366 per
1335 313 1596 364 Herreram,
1622 313 1695 356 vel
1722 328 1801 368 per
1817 314 1942 362 Dio-5

295 387 497 443 nysium‚
519 387 640 441 quod
662 388 830 429 multos
852 388 1124 440 offendebat,
1150 388 1412 443 praesertim
1434 396 1483 431 vt
1505 404 1584 445 per
1607 390 1864 437 Herreram.

974 506 1258 565 [SIMANCAE]

384 618 639 674 Aegrotaui
663 619 813 661 triduo
836 626 914 661 aut
947 618 1189 673 quatriduo
1221 618 1473 671 Simancae,
1499 628 1545 663 et
1572 621 1715 676 primo
1741 621 1933 676 quidem:

290 696 363 740 die
387 695 606 752 grauiter,
633 703 720 738 etc.
749 695 920 751 Scripsi
943 697 999 738 ad
1022 696 1254 739 sacristam
1284 698 1642 740 Montannanum
1677 699 1686 718 ¹
1717 699 1927 742 consola—

294 773 431 816 torias
454 773 511 817 de
533 780 676 815 morte
700 772 849 815 Iacobi
867 772 1032 816 fratris.

310 890 312 895 .
354 850 476 893 rluui
502 852 553 893 P.
581 852 616 893 F
620 850 873 893 ranciscum
897 850 943 892 in
971 849 976 907 Ι
1005 850 1190 906 negotio
1212 850 1389 906 collegij
1416 850 1583 893 Montis
1602 851 1749 908 Regij.
1768 853 1927 909 Aegre

287 928 390 971 tulit
412 927 532 972 idem
558 929 692 970 Pater
715 928 837 981 quod
859 927 1055 971 dicerem
1079 942 1147 979 ea,
1175 942 1292 982 quae
1314 927 1409 982 ipse
1432 927 1612 975 fecisset
1629 928 1675 970 in
1694 929 1928 972 fundatio*

288 1004 424 1047 nibus
441 1003 754 1060 collegiorum,
782 1010 967 1059 possent
990 1003 1204 1046 infirmari
1227 1020 1252 1047 a
1276 1007 1328 1047 P.
1355 1004 1548 1061 Ignatio.

368 1081 511 1125 ,Volui
558 1082 571 1101 ‘²
618 1083 671 1123 Ρ.
719 1080 962 1123 Francisco
999 1096 1099 1125 esse
1142 1081 1291 1124 socius
1329 1096 1432 1124 cum
1469 1081 1554 1126 iret
1587 1083 1643 1124 ad
1685 1083 1919 1138 palatium:

282 1165 458 1201 tantum
497 1158 634 1201 semel
666 1158 770 1201 veni
809 1172 913 1200 cum
941 1157 1055 1214 ipso,
1086 1165 1135 1200 vt
1163 1158 1362 1202 viderem
1400 1158 1647 1215 principem
1685 1160 1917 1204 carolum.

288 1236 457 1278 «Bahal
480 1236 637 1278 babal»
665 1233 712 1294 [?]
735 1241 821 1277 etc.
1950 1233 1952 1235 ’

371 1312 531 1356 Obtuli
553 1327 624 1355 me
647 1327 833 1355 causam
858 1314 920 1355 M.
948 1300 1204 1356 Montesani
1226 1312 1486 1355 adiuturum
1509 1315 1693 1357 Romae.
1719 1314 1921 1370 Compa-

279 1392 433 1437 rabam
451 1405 521 1433 me
534 1390 621 1432 iam
638 1391 695 1433 ad
710 1389 810 1442 iter,
832 1404 971 1446 quum
990 1404 1046 1432 ex
1067 1389 1208 1434 literis
1228 1391 1279 1432 P.
1301 1389 1615 1446 Ribadaneyra
1633 1405 1688 1433 ex
1705 1392 1740 1434 F
1743 1392 1930 1442 landria-

276 1467 498 1510 intellexit
523 1469 574 1509 P.
602 1469 637 1510 F
641 1466 873 1509 ranciscus
896 1467 953 1509 ad
969 1466 1201 1510 meliorem
1223 1458 1362 1509 'vitam
1381 1467 1595 1511 transisse
1611 1468 1688 1511 83
1706 1470 1758 1511 P.
1779 1469 1914 1524 Igna-

276 1544 388 1587 tium
416 1544 560 1601 pridie
589 1545 805 1587 kalendas
835 1544 1053 1600 Augusti:
1087 1544 1198 1586 nihil
1228 1544 1365 1586 aliud.
1398 1544 1483 1586 Fui
1506 1546 1741 1600 perculsus
1765 1545 1920 1589 animo-

274 1621 485 1678 primum,
518 1623 599 1666 sed
636 1620 787 1664 statim
826 1622 943 1664 bene
980 1622 1174 1676 speram,
1208 1622 1328 1677 quod
1368 1622 1459 1665 fere
1496 1622 1661 1665 nostris
1698 1622 1913 1679 contigit.

274 1698 541 1744 Existimaui
563 1714 636 1743 me
663 1713 763 1742 esse
790 1698 1024 1741 vicarium:
1058 1698 1372 1742 existimarunt
1404 1698 1522 1742 idem
1551 1699 1622 1754 alij
1654 1702 1829 1753 Patres,
1854 1715 1912 1744 ex

271 1791 428 1821 eorum
452 1776 621 1832 (aderat
653 1775 773 1819 enim
808 1777 859 1818 P.
896 1775 1182 1827 Franciscus,
1219 1776 1385 1828 Araoz,
1421 1777 1598 1829 Strada,
1635 1779 1907 1820 Bustaman-

270 1853 376 1905 tius,
410 1866 434 1907 3
459 1852 762 1908 prouinciales
791 1859 837 1897 et
865 1852 1213 1908 commissarius)
1243 1852 1429 1895 consilio
1459 1853 1615 1909 scripsi
1653 1855 1710 1896 ad
1747 1855 1913 1899 Patres

269 1929 491 1973 lusitanos
507 1936 557 1972 vt
574 1945 622 1973 se
638 1936 849 1986 pararent
872 1930 928 1973 ad
949 1929 1034 1973 iter
1056 1944 1306 1972 romanum.
1338 1932 1389 1973 P.
1412 1931 1447 1973 F
1451 1930 1696 1983 ranciscus,
1723 1945 1779 1974 ex
1796 1945 1909 1974 con-

266 2006 366 2050 silio
388 2006 683 2059 medicorum,
704 2006 816 2049 dixit
833 2021 882 2050 se
899 2021 990 2049 non
1013 2021 1145 2062 posse
1168 2006 1248 2050 ire:
1275 2006 1394 2051 idem
1412 2008 1576 2050 Araoz:
1598 2008 1761 2052 Strada
1778 2007 1911 2051 vide*

266 2084 401 2126 batur
424 2098 477 2128 eo
499 2083 731 2136 inclinare3
758 2097 841 2126 nec
865 2083 1221 2126 Bustamantius.
1253 2084 1259 2140 Ι

353 2160 517 2203 Paucis
540 2160 702 2204 diebus
725 2160 981 2216 accepimus
1004 2159 1156 2204 literas
1177 2175 1203 2203 a
1233 2162 1285 2203 P.
1319 2162 1533 2213 Polanco,
1565 2160 1642 2216 qui
1671 2170 1908 2217 praeterea

263 2237 571 2282 intelleximus
594 2238 763 2280 factum
785 2236 1004 2279 vicarium
1034 2239 1086 2279 P.
1120 2238 1336 2293 Laynem,
1370 2239 1491 2293 quod
1522 2252 1593 2280 me
1625 2252 1716 2281 non
1745 2240 1902 2282 turba-

263 2314 331 2365 uit
359 2315 391 2357 ³.
433 2315 483 2356 In
521 2314 690 2358 eisdem
712 2313 873 2357 litteris
901 2320 970 2356 est
994 2313 1162 2356 indicta
1185 2314 1497 2371 congregatio,
1524 2329 1641 2370 quae
1663 2317 1900 2361 commode

215 2395 219 2398 ’
260 2391 409 2447 potuit
430 2391 544 2443 fieri,
578 2406 681 2433 nam
710 2397 839 2433 erant
867 2390 1074 2433 induciae
1102 2390 1219 2433 inter
1247 2391 1507 2446 pontificem
1545 2399 1590 2434 et
1618 2392 1893 2449 Philippum.

259 2470 448 2521 Verum,
474 2475 649 2511 mutato
672 2474 829 2524 postea
849 2466 1052 2521 consilio,
1077 2467 1246 2510 indicta
1269 2467 1353 2510 fuit
1375 2469 1672 2525 congregatio
1700 2484 1791 2512 non
1818 2481 1894 2525 57,

256 2547 338 2590 sed
366 2546 382 2566 ⁴
415 2545 590 2605 [5]8.um
626 2560 808 2588 annum.
843 2546 998 2600 Quum
1029 2544 1225 2588 viderem
1255 2547 1415 2589 Patres
1443 2545 1542 2589 illos
1565 2561 1653 2589 non
1677 2546 1893 2591 inclinare

257 2623 314 2665 ad
337 2623 762 2680 congregationem,
787 2636 885 2666 esse
908 2621 1042 2664 etiam
1065 2621 1185 2664 illam
1202 2622 1402 2675 dilatam,
1428 2623 1589 2679 rogaui
1606 2623 1715 2679 quid
1732 2638 1897 2669 censem
1956 2603 1958 2615 <

327 2786 337 2805 ¹
389 2783 574 2818 Nicolaus
594 2784 842 2828 Montafians‚
862 2783 1072 2818 canonieus
1100 2782 1381 2829 majoricensis,
1408 2784 1456 2820 de
1481 2797 1558 2832 quo
1583 2785 1738 2832 saepius
1763 2796 1894 2821 sermo
1954 2817 1958 2830 ,

251 2842 371 2878 rediit
389 2842 429 2878 in
453 2842 602 2878 Clzron.
625 2842 764 2878 Natal.
1242 2844 1244 2846 ’
1437 2833 1440 2837 “

314 2891 339 2924 ¹²
392 2903 483 2948 Ms.,
505 2903 602 2937 uoli.
1409 2946 1411 2948 Ι
1690 2948 1692 2950 v

322 2962 335 2981 ⁵
386 2962 446 2996 De
465 2961 525 2996 his
545 2961 634 2996 vide
652 2962 917 3006 sAccmmJM,
938 2962 1044 2997 Hist.
1068 2963 1168 3004 Soc„
1190 2968 1274 3009 part
1284 2953 1296 2999 .“
1317 2964 1369 3009 11,-
1388 2964 1460 3000 lib.
1474 2973 1510 3010 -1‚
1527 2976 1567 2999 n.
1588 2961 1656 2999 26.

322 3023 338 3043 ⁴
387 3022 475 3063 Ms.,
497 3024 533 3057 et
550 3022 632 3058 sed.
1499 3056 1503 3060 .
1531 3045 1550 3062 ι,
1604 3028 1625 3046 .-
