1958 3210
807 197 894 241 1558
1618 197 1664 232 63

125 300 393 358 Designauit
417 313 440 354 3
463 299 729 350 cardinales,
756 298 857 341 115
879 298 1229 354 neapolitanum,
1257 298 1596 343 alexandrinum
1620 306 1667 342 et

39 389 311 430 tranensem,
337 390 417 432 per
445 389 558 430 quos
588 374 717 417 facile
745 375 799 417 ad
829 374 975 430 ipsum
1006 376 1172 418 referre
1200 390 1451 431 possemus,
1485 375 1520 418 si
1558 375 1667 432 quid

43 460 312 500 occurreret.

132 534 295 575 Factus
323 529 610 586 prouincialis
646 530 774 586 regni
803 529 1075 584 neapolitani
1106 531 1157 572 P.
1191 530 1440 574 Salmeron.
1480 530 1669 572 Factum

46 611 231 654 liberum
256 609 307 650 P.
335 606 529 650 Araozio
550 613 600 647 vt
621 603 912 665 alter[utram]
934 605 1211 661 prouinciam
1241 605 1444 662 eligeret,
1469 606 1542 650 vel
1579 606 1669 648 Ca-

46 687 214 737 stellae,
239 685 312 728 vel
336 683 611 739 Aragoniae;
637 682 822 726 alterius
844 690 965 725 esset
986 682 1276 739 prouincialis
1300 684 1351 725 P.
1380 685 1557 725 Barma.

133 760 403 817 Designauit
424 759 666 815 generalis,
698 758 897 801 adhibito
928 759 1117 802 consilio
1145 758 1452 803 assistentium
1476 766 1521 802 et
1560 759 1670 801 alio-

49 855 160 891 rum,
186 837 262 894 qui
286 836 490 893 professi,
523 835 661 890 quiue
689 835 973 879 coadiutores
996 842 1149 879 essent
1177 835 1375 880 creandi.
1412 836 1576 878 Nullus
1606 842 1674 877 est

46 916 325 972 designatus,
339 913 415 969 qui
432 928 488 957 ex
504 912 779 968 praescripto
796 912 1169 954 constitutionum
1187 927 1278 955 non
1296 919 1416 956 esset
1432 912 1674 955 admitten-

47 995 146 1036 dus.
168 994 362 1035 Decreta
383 997 490 1033 sunt
512 996 701 1045 excepta
723 1004 748 1031 a
765 989 1022 1040 secretario,
1044 989 1230 1032 recitata
1258 990 1264 1046 Ι
1292 989 1337 1031 in
1354 976 1676 1045 congregatio}

53 1086 122 1115 ne:
147 1076 303 1125 postea
324 1067 444 1111 edita
465 1081 520 1109 ex
543 1066 629 1109 illis
657 1065 851 1117 schedis,
878 1066 1026 1108 soluta
1048 1066 1425 1122 congregatione,
1453 1073 1540 1109 etc.

140 1147 214 1189 Ad
235 1146 370 1188 finem
394 1142 596 1199 Augusti
618 1144 863 1186 vehemens
886 1145 1072 1185 Patrum
1089 1143 1319 1186 inclinatio
1342 1144 1399 1186 ad
1416 1143 1678 1186 soluendam

51 1221 469 1279 congregationem:
495 1220 600 1262 inde
629 1221 814 1272 factum,
846 1226 910 1271 vt,
937 1234 1074 1274 quum
1104 1220 1174 1276 alij
1206 1220 1547 1276 proposuissent
1574 1234 1680 1262 suas

52 1300 343 1351 dificultateS‚
368 1312 455 1353 ego
478 1312 569 1339 non
592 1296 914 1352 proposuerim.
944 1298 992 1339 Ρ.
1019 1297 1173 1339 Violas
1197 1299 1343 1340 fuerat
1365 1297 1545 1352 quidem
1570 1311 1681 1340 euo—

56 1384 185 1420 catus
214 1377 271 1418 ad
300 1375 584 1427 electionem,
616 1374 695 1416 sed
726 1373 851 1417 venit
880 1381 1028 1417 tamen
1061 1375 1114 1415 ad
1145 1375 1281 1418 finem
1313 1375 1426 1430 Iulij,
1460 1389 1682 1418 excusans

60 1454 182 1509 quod
203 1453 359 1495 literae
391 1453 447 1493 ad
469 1465 572 1493 eum
594 1465 685 1492 non
708 1457 859 1494 essent
880 1451 1093 1506 perlatae.
1121 1452 1225 1494 Fuit
1257 1467 1282 1494 a
1305 1453 1440 1495 Patre
1463 1451 1680 1507 generali,

60 1530 314 1573 inconsulta
351 1527 731 1583 congregatione,
763 1527 807 1569 in
838 1543 935 1571 eam
974 1527 1204 1579 inductus,
1232 1536 1292 1581 et,
1325 1529 1448 1571 nullo
1486 1528 1683 1572 interce-

61 1608 211 1659 dente,
237 1605 360 1648 dedit
382 1619 464 1647 suo
485 1605 584 1646 loco
606 1604 888 1660 suffragium.
921 1605 1027 1647 '11ss
1052 1607 1101 1646 P.
1138 1605 1326 1648 Pontius
1357 1605 1531 1648 Asissio
1560 1605 1685 1649 venit

63 1686 264 1727 Romam:
292 1681 421 1738 petijt
443 1681 587 1724 audiri
609 1696 635 1723 a
663 1681 1034 1737 congregatione:
1062 1681 1123 1723 ita
1146 1682 1331 1725 remisse
1357 1682 1484 1734 dixit,
1517 1690 1565 1724 vt
1594 1697 1686 1725 non

63 1767 321 1804 censeretur
344 1760 400 1800 ad
422 1757 745 1814 poenitentiam
769 1757 969 1802 rediisse.
991 1761 1158 1801 Datum
1178 1766 1245 1802 est
1265 1759 1496 1815 negotium
1519 1761 1565 1801 P.
1597 1761 1687 1801 Pa—

64 1837 238 1880 schasio
260 1843 305 1879 et
328 1835 578 1880 Salmeroni
603 1842 650 1877 vt
675 1837 685 1855 ¹
710 1835 835 1877 illum
859 1843 1070 1878 curarent
1092 1835 1266 1879 iuuare:
1294 1851 1433 1891 quum
1453 1835 1565 1878 nihil
1582 1850 1687 1892 pro-

64 1915 264 1966 ficerent,
291 1920 448 1968 postea
471 1927 496 1954 a
513 1912 707 1966 quodam
727 1913 862 1954 Patre
886 1912 1172 1968 obiurgatus,
1198 1913 1348 1955 subita
1371 1914 1564 1968 quadam
1587 1897 1689 1954 mu—

68 1990 231 2033 tatione
254 1990 504 2045 perculsus,
530 1988 654 2031 venit
683 1990 739 2032 ad
767 1989 1187 2045 congregationem,
1215 1997 1260 2032 et
1282 1990 1344 2032 ita
1361 2005 1487 2033 suam
1512 1991 1689 2046 culpam

68 2068 212 2110 fassus
233 2075 317 2119 est,
342 2074 387 2109 et
410 2066 573 2108 obtulit
594 2066 964 2119 satisfactionem,
986 2074 1034 2108 vt
1056 2075 1263 2111 censeret
1281 2068 1576 2124 congregatio
1594 2067 1693 2110 eius

68 2143 386 2199 poenitentiam
437 2157 536 2186 esse
579 2142 901 2198 accipiendam.
943 2143 1093 2199 Redijt
1141 2144 1390 2187 Asissium:
1437 2144 1543 2188 inde
1590 2158 1693 2186 curn

72 2222 121 2262 Ρ.
168 2220 411 2262 Paschasio
438 2219 444 2276 Ι
474 2219 713 2262 Lutetiam.
761 2222 932 2262 Bonam
966 2235 1147 2276 operam
1181 2221 1305 2264 dedit
1343 2221 1506 2265 deinde
1539 2220 1695 2265 Socie—

74 2296 150 2339 tati
169 2297 214 2339 ²:

158 2375 227 2417 De
243 2373 491 2416 mutatione
508 2373 758 2415 sententiae
777 2374 922 2426 Pauli,
944 2382 989 2417 et
1012 2376 1133 2429 quod
1149 2375 1428 2431 praeceperit
1445 2377 1631 2417 chorum
1651 2382 1697 2418 et

71 2450 130 2492 -ad
156 2449 396 2494 'triennium
427 2464 526 2493 esse
559 2451 831 2504 generalem,
864 2450 1033 2494 dictum
1071 2458 1139 2495 est
1172 2453 1228 2494 ad
1258 2452 1393 2494 finem
1426 2451 1698 2494 scholiorum

76 2525 465 2568 constitutionum.

164 2603 391 2645 Putabant
424 2602 560 2657 aliqui
588 2602 634 2644 in
661 2604 1023 2659 congregatione
1051 2604 1274 2647 actionem
1304 2604 1625 2647 instituendam
1658 2605 1703 2647 in

79 2678 354 2722 Bobadillam
383 2686 429 2724 et
453 2679 684 2732 Pontium;
719 2679 829 2722 nihil
853 2688 1003 2724 tamen
1032 2688 1189 2724 contra
1220 2681 1514 2733 Bobadillam,
1547 2689 1705 2724 contra

80 2755 292 2797 Pontium
320 2755 447 2807 nihil,
486 2762 664 2811 praeter
692 2756 737 2798 id
772 2758 891 2811 quod
923 2757 1013 2800 dixi
1042 2759 1098 2800 de
1135 2765 1227 2800 tota
1261 2757 1336 2800 illa
1369 2757 1617 2814 tragoedia:
1650 2773 1708 2802 ne

80 2831 271 2873 verbum
294 2831 491 2887 quidem.

158 2938 167 2958 ¹
219 2938 307 2979 MS„
326 2940 367 2972 vt
384 2941 439 2973 vt.

157 2997 169 3016 ²
220 2995 478 3042 SACCHINUS,
499 2999 571 3032 loc.
591 2999 681 3043 eit.‚
702 3012 743 3034 n.
770 3008 831 3045 54.
