1958 3210
836 189 924 233 1562
1644 195 1689 231 97

24 343 27 345 μ
62 291 360 342 aduersarios,
387 305 500 345 quos
527 291 697 334 habent
733 290 779 332 in
816 288 1109 333 vniuersitate
1131 296 1175 331 et
1213 289 1309 331 aliis
1346 288 1568 344 collegijs,
1595 294 1690 329 tum

66 369 185 425 quod
207 374 391 410 senatus
420 382 510 409 non
547 367 675 410 nouit
710 366 998 419 Societatem,
1040 367 1110 410 vel
1143 366 1204 408 illi
1227 367 1364 418 fauet3
1391 372 1436 407 et
1459 372 1607 408 tamen
1631 364 1693 406 ita

69 444 334 502 praescripsi
356 450 404 485 vt
426 445 557 499 plane
579 444 806 487 didracma
829 459 885 487 ne
908 443 1162 499 acciperent
1181 442 1335 485 nostri.

155 520 363 574 Visitaui,
384 528 490 573 etc.,
512 528 558 564 et
574 520 894 564 instructiones
910 520 1028 563 dedi.
1061 520 1066 576 Ι
1095 518 1296 563 Intellexi
1315 521 1371 561 D.
1394 517 1691 569 Ioncheriam‚

6 586 15 592 .
63 598 164 653 qui,
212 597 425 641 secularis
469 597 664 652 quidem,
712 597 828 639 inter
870 604 1046 639 nostros
1091 603 1240 639 tamen
1276 595 1463 637 habitat:
1510 595 1565 637 ab
1609 596 1694 636 hoc

66 689 275 730 magnam
292 675 626 729 eleemosynam
649 681 694 717 et
717 680 983 729 acceperant
1011 680 1157 723 antea,
1190 680 1235 714 et
1263 673 1470 727 sperabat
1489 673 1550 714 M.
1578 673 1695 714 Leo-

66 752 246 793 nardus.
275 750 490 793 Concessi
508 757 556 792 vt
579 758 697 794 esset
714 750 850 802 domi,
873 765 1010 805 quum
1029 749 1226 792 viderem
1245 748 1483 791 excellenti
1500 749 1693 802 quadam

63 842 160 871 esse
184 842 285 870 eum
309 827 476 883 pietate
495 834 539 871 et
561 826 795 880 modestia,
821 834 866 869 et
897 826 1124 877 fratribus,
1151 832 1195 868 et
1228 826 1283 867 ad
1317 824 1689 877 aedificationem,

67 903 235 947 vtilem.

148 980 251 1031 Hic,
278 980 461 1023 dimisso
484 980 766 1036 prouinciali,
792 987 840 1021 vt
863 980 970 1022 mihi
992 987 1171 1035 praesto
1189 986 1308 1023 esset
1326 977 1517 1030 Treuiri,
1540 992 1627 1033 ego
1645 985 1690 1020 et

58 1057 276 1100 -Ximenes
325 1056 531 1100 venimus
575 1058 630 1099 ad
678 1058 869 1100 Fontem
917 1062 1168 1112 spaensem.
1216 1054 1439 1098 Duximus
1476 1055 1686 1096 Iacobum

65 1135 237 1184 Muntz,
264 1148 397 1188 quem
420 1140 579 1190 postea
602 1133 701 1176 misi
720 1135 906 1176 Romam
936 1135 962 1175 ¹.

121 1240 247 1283 206
268 1254 302 1283 v
600 1254 660 1283 AD
686 1254 879 1283 FONTEM
905 1242 1150 1283 sPAENsssM

146 1351 234 1394 Hic
250 1352 395 1407 reperi
418 1353 469 1394 P.
492 1352 799 1406 Claysonium,
826 1352 897 1394 cui
917 1367 1032 1406 aqua
1050 1352 1124 1394 illa
1142 1351 1251 1393 nihil
1274 1351 1456 1406 profuit.
1481 1351 1580 1393 Bibi
1599 1365 1686 1406 ego

55 1430 115 1471 ad
139 1442 188 1471 Io
209 1428 321 1480 dies,
355 1429 481 1470 tarde
509 1428 628 1472 enim
665 1444 893 1480 veneram,
934 1436 980 1471 et
1016 1437 1288 1472 consecutae
1327 1435 1617 1483 tempestates
1639 1436 1685 1470 et

58 1504 235 1560 pluuiae
255 1505 452 1547 fecerant
483 1512 531 1546 vt
554 1520 647 1547 non
676 1513 796 1549 esset
824 1520 940 1560 aqua
978 1505 1201 1560 potabilis;
1238 1505 1317 1548 sed
1349 1520 1404 1547 ex
1427 1504 1512 1546 illis
1529 1504 1686 1560 paucis

58 1582 346 1625 bibitionibus
370 1584 568 1625 fructum
592 1598 693 1626 eum
717 1583 854 1636 sensi,
880 1583 972 1638 qui,
995 1582 1168 1625 etiamsi
1188 1582 1381 1638 exiguus
1399 1590 1532 1633 esset,
1554 1582 1685 1637 polli-

55 1660 240 1702 cebatur
262 1659 473 1703 maiorem
497 1660 534 1701 si
556 1660 771 1715 prolixius
799 1668 998 1715 potarem
1008 1675 1016 1713 ;
1049 1660 1199 1714 itaque
1228 1666 1383 1714 postea
1413 1674 1588 1714 semper
1611 1674 1684 1702 re—

55 1736 167 1778 tinui
191 1736 461 1780 desiderium
491 1737 724 1790 redeundi,
758 1737 795 1779 si
823 1736 993 1780 liceret.
1027 1737 1146 1779 207
1178 1738 1245 1780 De
1268 1737 1552 1790 eleemosyna
1586 1750 1682 1778 ma*

57 1820 211 1856 tronae
233 1814 410 1869 anglae.
438 1813 558 1856 Hinc
580 1813 787 1858 venimus
811 1814 1049 1869 Treujrim.
1083 1814 1089 1871 Ι

771 1948 967 1977 TREUIRI

123 2047 227 2090 ‘Hic
250 2047 447 2089 intellexi
475 2047 530 2090 de
563 2046 814 2089 defectione
851 2048 999 2097 Ionae,
1041 2052 1086 2090 et
1123 2047 1244 2102 quod
1279 2045 1401 2087 illurn
1438 2045 1679 2101 recepisset

47 2124 218 2167 elector
239 2131 284 2167 et
301 2130 501 2167 vteretur
524 2123 842 2166 concionatore
864 2124 896 2173 ²,
923 2131 968 2166 et
991 2124 1004 2143 ⁵

127 2287 132 2305 ¹
186 2285 266 2319 Fol.
288 2284 356 2319 206
373 2296 403 2318 r.
424 2284 476 2318 nil
496 2283 683 2329 scripturn
698 2284 830 2318 habet.

122 2346 134 2365 *2
186 2344 284 2378 Vide
303 2355 432 2390 supra,
451 2354 542 2389 pag.
567 2341 627 2388 35,
645 2348 775 2377 annot.
803 2351 838 2387 5.

122 2404 135 2423 ⁵
186 2404 257 2448 Ita,
285 2403 481 2448 inexpleta
499 2402 707 2445 sententia,
728 2402 888 2448 explicit
913 2404 1194 2448 autographum
1221 2403 1532 2448 Eplzemeridzcm
1550 2401 1677 2435 Nata-

47 2461 112 2496 lis.
133 2462 317 2509 Sequitur
349 2462 418 2496 fol.
444 2473 596 2507 purum,
615 2461 718 2507 quod
748 2473 770 2495 a
795 2467 905 2507 tergo
931 2463 1062 2505 habet,
1082 2461 1156 2496 alia
1175 2473 1289 2496 manu
1316 2461 1471 2506 scripta,
1493 2472 1552 2503 ea,
1576 2471 1676 2505 quae

46 2520 216 2556 diximus
232 2521 271 2555 in
289 2520 550 2567 descriptione
568 2520 728 2564 codicis,
748 2522 829 2555 vol.
854 2521 885 2565 Ι,
901 2532 992 2567 pag.
1018 2529 1148 2556 xxvn.
