1958 3210
764 169 979 207 Appssme
1608 170 1675 217 587

57 272 255 319 venirem
287 273 522 325 Rhomam,
563 274 800 328 quamdam
829 272 1135 328 pecuniarium
1164 287 1383 316 summam
1413 288 1503 315 non
1534 274 1676 316 maxi-

59 348 175 377 mam
199 333 318 388 apud
341 332 533 375 amicum
555 334 792 387 quemdam
822 332 1025 387 deposui.
1068 334 1247 374 Partem
1279 332 1412 375 huius
1443 335 1577 376 Pater
1605 333 1670 377 Si-

59 407 162 436 mon
186 393 247 448 (vt
269 391 387 434 illius
408 391 581 435 litterae
605 392 839 445 testantur)
863 391 908 432 in
932 391 1026 446 pios
1051 406 1156 434 Vsus
1178 392 1418 443 conuertit,
1452 400 1495 434 et
1528 393 1676 434 forsan

60 452 229 506 reliqua
250 452 406 494 eodem
428 461 559 505 pacto
581 451 790 502 insumet,
817 450 955 493 literis
980 457 1128 493 tamen
1152 451 1262 493 meis
1290 451 1541 505 significavi
1575 451 1673 506 ipsi,

59 526 130 554 me
152 525 252 553 aere
274 510 419 553 alieno
441 510 657 560 laborare,
684 524 766 551 nec
790 509 912 564 prius
934 524 1005 551 me
1028 511 1141 553 velle
1160 511 1488 564 eleemosynam
1509 511 1671 564 facere,

60 585 192 625 quam
221 568 371 611 debita
403 568 648 611 solvissem.
687 570 787 610 Hoc
825 568 1058 623 negotium
1095 577 1272 612 vestrae
1309 569 1514 610 charitati
1552 584 1673 611 com—

59 629 219 672 mendo
241 635 289 669 vt
311 628 371 669 illi
394 627 671 683 injungatur,
698 642 753 669 ne
776 627 819 668 in
839 627 949 668 meis
967 627 1156 683 amplius
1174 628 1281 682 quid
1300 635 1506 679 attentet,
1527 629 1675 671 donec

57 704 82 731 a
105 689 161 731 V.
188 689 241 730 R.
270 688 526 729 facultatem
550 686 770 729 habuerit.
800 687 1101 741 Expectabam
1125 686 1232 728 alias
1255 687 1470 753 pecunias
1494 687 1602 729 mihi
1621 703 1676 731 ex

56 747 224 803 Anglia
245 745 548 797 remittendas,
575 746 654 787 sed
675 745 823 788 sintne
845 745 1023 810 missae,
1049 760 1075 786 v
1080 746 1120 789 el
1143 761 1232 800 quo
1254 746 1299 788 in
1322 753 1441 788 statu
1460 760 1530 789 res
1549 761 1675 790 meae

56 806 158 857 5101,
200 805 367 849 nescio:
408 804 615 860 primum,
657 803 761 858 quia
791 818 882 846 non
914 804 1009 846 sine
1039 804 1240 859 periculo
1270 805 1464 848 scribere
1493 820 1675 860 possum

55 865 151 908 istis
173 865 229 907 de
251 864 400 907 rebus:
427 864 642 915 secundo,
673 863 777 917 quia
806 878 860 906 ex
891 877 981 917 quo
1011 862 1242 918 ingressus
1271 879 1369 906 sum
1401 864 1673 908 Societatem

56 923 230 967 animus
267 937 393 966 meus
431 924 486 965 ab
524 922 620 964 istis
658 922 777 964 curis
814 921 926 964 liber
963 898 1086 963 mihi
1099 924 1317 965 hactenus
1348 923 1446 965 fuit.
1483 924 1675 967 Tornaci

56 997 235 1038 quoque
256 982 302 1024 in
324 981 514 1037 collegio
537 988 693 1023 nostro
716 981 935 1035 quaedam
958 980 1132 1035 reliqui,
1159 982 1213 1024 de
1243 981 1406 1036 quibus
1434 982 1540 1036 quid
1566 997 1676 1038 agau

47 1046 130 1085 'tur
152 1042 326 1097 ignoro.
359 1053 424 1093 17.
452 1043 578 1083 Bona
599 1047 643 1083 et
666 1041 806 1082 multo
828 1040 1129 1084 commodiore
1152 1055 1285 1094 quam
1319 1055 1420 1083 cum
1450 1042 1495 1084 in
1523 1043 1676 1084 seculo

15 1132 20 1136 -
57 1101 282 1144 viuebam.
314 1101 379 1143 18.
407 1099 573 1143 Omnia
595 1099 679 1141 ista
701 1099 880 1141 seruaui
904 1101 1122 1141 hactenus
1143 1106 1188 1142 et
1210 1101 1417 1153 seruabo,
1451 1108 1498 1142 vt
1526 1116 1672 1156 spero.

64 1173 128 1217 Ι9.
155 1162 257 1203 Hoc
279 1159 469 1202 maxime
491 1158 638 1213 cupio.
665 1156 801 1216 [Sclz.]
830 1171 865 1201 1.
893 1159 935 1200 A
959 1158 1123 1200 teneris
1147 1159 1274 1201 annis
1297 1159 1519 1203 enutritus
1544 1160 1607 1202 fui
1630 1160 1675 1202 in

58 1219 186 1262 bonis
209 1218 363 1271 literis,
389 1233 442 1262 eo
470 1217 640 1260 scilicet
668 1218 817 1268 modo,
850 1231 938 1272 quo
968 1218 1112 1259 solent
1139 1217 1342 1261 homines
1370 1218 1454 1261 illis
1484 1219 1528 1260 in
1566 1220 1675 1262 10015

58 1278 260 1330 0111111111,
284 1278 361 1320 vbi
383 1284 646 1333 grassantur
668 1279 892 1327 haereses,
916 1278 1000 1318 hoc
1017 1283 1100 1329 est,
1121 1276 1218 1319 sine
1236 1277 1539 1320 fundamentis
1556 1279 1672 1331 altis,

55 1337 358 1404 perfunctorie
381 1344 425 1379 01
447 1336 590 1380 001101
613 1335 879 1391 primoribus
904 1342 1075 1377 tantum
1101 1336 1236 1378 labris
1254 1336 1548 1389 dialecticam,
1571 1339 1674 1381 rhe—

56 1397 257 1450 toricam,
278 1395 617 1461 philosophiam,
638 1395 840 1450 linguam
860 1409 1066 1450 graecam
1085 1403 1128 1437 et
1145 1395 1220 1448 1115
1238 1395 1371 1439 0111110
1389 1396 1586 1449 gustaui,
1610 1404 1669 1449 et,

55 1463 104 1498 vt
125 1471 233 1500 vere
255 1455 404 1499 dicere
432 1454 613 1510 possim,
640 1454 806 1508 aliquid
836 1453 928 1496 scio
958 1453 1001 1495 in
1033 1454 1247 1508 quolibet,
1281 1462 1325 1498 et
1353 1455 1530 1496 1111111111
1561 1463 1669 1498 toto.

57 1527 98 1558 2.
134 1517 258 1559 Bene
286 1516 429 1558 valeo.
464 1528 504 1568 3.
538 1513 760 1569 Ouamuis
797 1515 1014 1556 hactenus
1052 1512 1201 1555 animo
1238 1528 1359 1556 eram
1397 1514 1615 1557 alienatus
1649 1531 1674 1557 a

29 1601 32 1604 ι
56 1575 257 1617 (10011103
278 1573 559 1630 potissimum
584 1572 867 1625 scholastica3
894 1586 1036 1627 nuper
1060 1579 1208 1615 tamen
1227 1587 1297 1616 me
1314 1572 1479 1615 inuasit
1496 1573 1673 1616 deside-

57 1634 171 1676 rium
193 1648 407 1689 magnum
430 1632 573 1675 eidem
599 1631 849 1682 insistendi,
876 1638 920 1674 et
943 1633 1026 1673 hoc
1050 1631 1318 1673 desiderium
1342 1631 1528 1676 interius
1556 1634 1672 1675 mul—

58 1693 114 1735 tis
141 1692 316 1735 vicibus
344 1691 604 1735 mirabiliter
632 1691 766 1742 sensi,
803 1691 861 1732 ita
892 1691 1011 1744 quod
1043 1691 1331 1734 decreueram
1362 1691 1478 1733 idem
1510 1707 1674 1747 propo-

58 1767 165 1796 nere
196 1751 500 1808 superioribus
528 1750 565 1793 si
594 1752 773 1805 quando
803 1749 975 1793 veniret
1004 1749 1089 1791 illis
1117 1749 1163 1792 in
1191 1757 1386 1792 mentem
1417 1766 1486 1793 me
1516 1766 1673 1793 aman-

57 1812 163 1854 dare
185 1812 240 1854 ad
263 1811 396 1854 alium
420 1811 584 1853 locum.
617 1823 659 1863 4.
692 1811 794 1853 Non
816 1809 861 1851 in
890 1822 997 1850 arcu
1027 1822 1126 1851 meo
1164 1810 1368 1864 sperab03
1411 1817 1455 1853 et
1493 1811 1672 1865 gladius

57 1885 183 1913 meus
205 1885 292 1913 non
311 1870 502 1913 saluabit
519 1885 605 1913 me.
628 1870 741 1924 Spes
759 1883 858 1912 mea
880 1869 925 1910 in
948 1883 1019 1919 00,
1046 1867 1121 1922 qui
1144 1869 1311 1910 bonum
1335 1868 1533 1911 immittit
1552 1870 1669 1912 desi-

55 1930 245 1982 derium,
266 1929 350 1973 sita
366 1929 465 1982 erit,
486 1929 561 1984 qui
580 1936 738 1984 potens
755 1935 823 1971 est
839 1942 894 1970 ex
911 1927 1133 1982 lapidibus
1150 1928 1367 1971 suscitare
1391 1928 1504 1971 filios
1523 1930 1671 1971 Abra-

55 1990 152 2033 hae.
187 2000 227 2044 5.
260 1989 603 2056 Aliquantulum
633 1986 941 2043 promouimus
969 1994 1013 2030 et
1042 1986 1202 2042 magis,
1235 1994 1283 2028 vt
1311 2002 1459 2041 spero,
1493 2003 1670 2043 promo-

57 2048 293 2091 uebimus
282 2063 327 2090 1n
350 2048 446 2091 istis
468 2046 761 2113 scholasticis,
794 2046 829 2088 si
860 2046 1037 2089 tandem
1067 2046 1306 2100 aliquando
1335 2047 1449 2090 bene
1481 2048 1671 2090 affectus

55 2121 163 2164 erga
200 2107 297 2150 illas
334 2107 467 2150 fuerit
504 2106 695 2158 animus,
737 2105 811 2160 qui
849 2107 1067 2157 hactenus
1106 2106 1235 2160 plane
1278 2120 1464 2148 aueisus
1509 2107 1667 2150 fuerat.

57 2167 97 2210 6.
105 2142 269 2211 e'Sum
258 2182 303 2208 in
327 2167 497 2209 artibus
525 2166 892 2215 bacchelaureus,
925 2173 969 2207 et
997 2164 1041 2206 in
1064 2164 1168 2218 jure
1198 2179 1405 2206 caesareo
1434 2172 1528 2208 tum
1566 2166 1671 2208 bac-

57 2227 337 2278 chelaureus,
364 2233 458 2268 tum
481 2226 652 2267 doctor
681 2236 719 2278 7
748 2224 958 2267 Filiorum
983 2231 1051 2265 051
1073 2223 1269 2275 000(1110,
1295 2224 1331 2265 51
1354 2223 1537 2279 cupiant
1567 2240 1672 2279 pos—

57 2285 201 2329 sidere
242 2260 598 2328 benedictionem
636 2291 887 2351 parentum.
930 2284 970 2324 8.
1008 2282 1244 2335 Dominus,
1284 2290 1333 2324 vt
1369 2298 1514 2337 spero,
1556 2285 1672 2326 113110

58 2344 165 2387 mihi
193 2344 382 2401 gratiam
418 2343 557 2395 dabit,
597 2350 646 2385 vt
675 2343 719 2385 in
748 2342 955 2385 omnibus
985 2341 1165 2384 obedire
1194 2341 1342 2384 velim.
1382 2357 1423 2398 9
1460 2344 1672 2386 Paratum

57 2418 132 2446 cor
153 2419 318 2455 meum,
344 2406 484 2456 Deus,
508 2410 710 2469 paratum
735 2416 811 2444 cor
832 2415 998 2453 meum;
1024 2416 1117 2443 non
1139 2400 1296 2442 dubito
1324 2416 1479 2443 verum
1509 2401 1671 2444 dixisse

60 2463 225 2506 Christi
247 2463 462 2506 vicarium
485 2462 530 2504 in
552 2461 688 2515 initiis
712 2461 787 2516 huj
797 2476 846 2503 115
869 2460 1121 2512 Societatis,
1148 2461 1327 2513 quando
1356 2460 1440 2502 ista
1468 2461 1667 2515 protulit:

62 2522 270 2579 «Digitus
292 2522 378 2566 Dei
399 2531 467 2564 est
489 2521 606 2563 hic».
634 2521 726 2577 HV,
754 2521 860 2574 756
867 2519 966 2576 759]

149 2595 185 2624 1.
258 2583 448 2624 leomczs
485 2582 654 2647 Kz'lzge
698 2592 738 2622 2.
766 2579 939 2632 Viginti
976 2586 1162 2634 septem.
1198 2591 1237 2632 3.
1271 2578 1451 2633 Anglus
1480 2579 1670 2622 comita·

57 2646 128 2684 tus
163 2642 413 2685 Somersett
450 2647 494 2682 et
522 2638 717 2682 ciuitatis
744 2615 1018 2681 Wellensis..
1032 2649 1114 2690 ..7
1149 2637 1300 2679 Habui
1328 2615 1418 2679 duo
1452 2638 1670 2682 beneficia

57 2699 378 2753 ecclesiastica;
410 2700 511 2751 sed,
543 2706 723 2754 propter
750 2697 1108 2753 persecutionem
1138 2697 1194 2739 ab
1223 2695 1458 2740 haereticis
1489 2697 1665 2751 factam,

56 2759 195 2813 patria
217 2759 386 2812 relicta,
412 2757 709 2813 Antuerpiam
731 2756 850 2808 Veni,
872 2756 947 2798 ubi
970 2770 1070 2798 cum
1090 2755 1186 2809 alijs
1209 2755 1354 2811 anglis
1372 2770 1547 2810 semper
1566 2772 1669 2801 uer-

56 2819 232 2861 sabar..
255 2853 262 2860 .
301 2831 366 2861 12.
392 2820 440 2860 In
464 2819 578 2860 festo
602 2818 802 2859 Paschae
819 2830 936 2858 anno
939 2814 1132 2857 Domini
1157 2792 1296 2868 1501Ο
1281 2830 1306 2856 3
1326 2816 1458 2857 Ρ3110
1476 2817 1668 2858 Euerai-

59 2869 130 2929 do,
154 2853 416 2934 prouinciali
441 2876 661 2919 inferioris
683 2874 967 2926 Germaniae,
991 2874 1052 2916 fui
1071 2881 1277 2928 receptus
1300 2873 1343 2915 10
1362 2874 1551 2929 collegio
1568 2876 1667 2918 colo

60 2935 202 2980 niensi
228 2944 273 2980 et
309 2938 364 2980 ab
403 2951 456 2980 eo
485 2943 591 2978 tunc
620 2934 978 2978 examinatus..
1024 2946 1088 2986 14.
1121 2934 1230 2976 Sum
1260 2933 1481 2976 sacerdos
1526 2945 1588 2988 15.
1620 2936 1692 2979 In·
