1958 3210
812 204 901 249 1548
1644 207 1666 241 3

47 314 185 350 retur.
211 307 379 349 Actum
402 306 547 348 fuerat
570 306 942 362 praecedentibus
964 306 1092 349 annis
1110 314 1158 349 vt
1174 307 1492 351 obseruaretur
1509 308 1667 351 decre-

49 383 147 426 talis
169 384 246 425 ⁶24
276 384 455 437 «Quum
478 382 719 438 corporalis
747 382 1025 425 infirmitas.»
1055 386 1275 438 Prospere
1297 392 1532 428 cesserunt
1555 398 1667 440 qua-

49 467 149 502 tuor
178 459 487 502 tribulationes
515 459 726 511 Mathiae,
753 460 973 510 Rosellae,
1000 461 1244 503 Barberani
1276 468 1411 516 atque
1434 460 1667 516 episcopa-

48 543 134 578 tus.
162 536 371 579 Liberata
392 524 594 579 Societas
623 552 648 579 a
675 551 784 579 cura
812 536 1048 580 mulierum
1078 552 1130 579 ac
1158 540 1495 580 monacharum.
1523 537 1668 580 Viuae

45 612 168 655 vocis
199 614 431 655 oraculum
469 628 546 669 per
584 615 838 656 Durantum
867 628 948 669 pro
976 614 1212 669 exercitijs.
1244 615 1278 656 F
1284 615 1501 657 undatum
1530 614 1668 658 colle-

45 689 169 744 gium
193 689 485 745 gandianum,
512 691 629 732 facta
651 689 920 732 vniuersitas
943 690 1077 745 studij
1096 690 1335 745 generalis.
1358 692 1458 732 Hoc
1478 690 1561 732 fuit
1577 690 1669 746 pri-v

43 780 165 807 mum
188 766 445 822 collegium,
472 766 518 808 in
541 781 630 822 quo
653 766 792 809 nostri
815 768 1044 818 docerent,
1070 766 1211 821 prima
1234 766 1367 810 etiam
1397 766 1668 809 Vniuersitas

41 842 176 898 studij
201 843 425 899 generalis
446 844 492 885 in
515 843 755 888 Societate.
782 845 951 885 Romae
974 843 1204 899 prohibuit
1224 845 1273 885 P.
1297 843 1500 898 Ignatius
1517 843 1666 898 publi-

40 933 116 962 cas
138 920 519 971 mortificationes,
547 934 736 975 quarum
764 922 773 940 ¹
799 928 894 963 erat
911 928 1068 962 auctor
1086 922 1137 962 P.
1159 921 1347 962 Iacobus
1366 920 1537 975 Eguias
1562 933 1665 962 cum

39 996 76 1038 F
79 996 271 1047 erronio‚
293 996 368 1051 qui
387 997 533 1040 fuerat
549 996 817 1039 secretarius
835 1003 1073 1051 antequam
1092 996 1266 1039 veniret
1285 998 1336 1039 P.
1360 997 1599 1039 Polancus.
1632 996 1638 1054 Ι

40 1073 115 1115 Ad
137 1073 409 1116 Societatem
432 1072 591 1129 recipit
614 1075 749 1115 Pater
771 1088 854 1115 suo
877 1074 1062 1116 consilio
1084 1076 1330 1117 Doctorem
1355 1073 1579 1125 Torrium,
1611 1088 1663 1116 ac

40 1148 176 1190 mittit
198 1148 243 1191 in
266 1149 546 1205 Hispanjam.
581 1149 669 1192 Hic
697 1150 838 1205 prima
867 1150 1028 1193 diuisio
1058 1150 1396 1206 prouintiarum.
1422 1152 1510 1192 Per
1539 1152 1661 1193 hunc

38 1232 84 1267 et
117 1225 396 1269 Seuillanum
426 1226 601 1268 initium
630 1226 750 1282 capit
786 1227 1028 1282 collegium
1067 1227 1400 1279 salmantinum,
1442 1227 1661 1270 beneficio

36 1293 526 1355 cardinalis'coriensis,
553 1303 657 1345 dein
678 1310 1003 1359 metymnense.
1031 1306 1080 1346 In
1110 1304 1388 1359 Portugallia
1411 1312 1660 1359 prouentus

34 1379 294 1432 multorum,
321 1380 397 1434 qui
420 1382 476 1423 ad
498 1381 770 1425 Societatem
789 1380 1135 1436 recipiebantur.
1164 1381 1406 1423 Mittuntur
1424 1380 1468 1422 in
1486 1380 1657 1423 Indiam

31 1455 223 1512 singulis
244 1457 388 1499 annis.
417 1457 616 1501 Litterae
640 1458 890 1501 afferuntur
912 1458 1066 1514 magni
1090 1458 1281 1511 fructus,
1307 1458 1383 1512 qui
1412 1457 1529 1500 inter
1557 1457 1655 1500 ido—

28 1533 209 1576 lolatras
238 1534 451 1577 refertur:
484 1548 630 1577 nouae
668 1534 1005 1590 prouin25ciae
1043 1534 1282 1578 adibantur
1319 1550 1345 1577 a
1381 1534 1561 1577 nostris.
1604 1536 1654 1577 In

29 1610 309 1666 Portugallia
328 1613 412 1654 Mr.
434 1611 606 1664 Simon,
627 1611 844 1668 superior.
866 1613 915 1653 In
927 1611 1098 1666 reliqua
1114 1611 1333 1667 Hispania
1350 1614 1396 1654 P.
1417 1611 1649 1654 Araozius.

774 1730 915 1776 [15]48

118 1843 344 1887 Professio
368 1846 419 1886 P.
447 1845 482 1886 F
485 1843 674 1886 rancisci
691 1843 833 1900 prima
855 1843 1103 1887 Februarii.
1126 1843 1331 1886 Excitata
1350 1843 1651 1887 Salmanticae

28 1919 256 1963 tribulatio
279 1920 446 1964 nostris
468 1935 547 1977 per
568 1922 759 1964 Canum.
788 1922 914 1963 Haec
936 1936 1016 1976 per
1037 1919 1278 1962 conciones
1301 1919 1466 1974 Stradij
1486 1919 1645 1975 sopita.

25 1998 147 2039 Dant
169 1994 453 2054 s’uffragium,
488 1997 564 2053 qui
593 2005 721 2040 erant
749 1997 795 2040 in
824 1997 949 2040 Italia
976 1996 1181 2053 professi,
1209 1996 1335 2040 Patri
1364 1996 1540 2052 Ignatio
1568 2011 1648 2052 pro

23 2074 437 2127 constitutionibus,
463 2082 570 2127 etc.,
596 2076 793 2130 LayneZ,
819 2075 1067 2125 Salmeron‚
1090 2073 1377 2125 Paschasius,
1399 2073 1530 2116 Iaius.
1558 2073 1647 2115 Ini—

24 2150 136 2193 tium
164 2151 354 2207 sumpsit
382 2151 623 2208 collegium
660 2151 1034 2202 vallisoletanum,
1075 2166 1154 2206 per
1195 2149 1441 2202 Stradium,
1487 2151 1648 2193 domus

22 2226 195 2270 scilicet
216 2235 261 2270 et
282 2229 497 2272 sacellum
520 2242 801 2271 concessum.
828 2230 985 2272 Mense
1008 2227 1171 2270 Martio
1192 2234 1261 2270 est
1277 2226 1440 2269 missus
1459 2228 1511 2269 Ρ.
1533 2226 1645 2269 Hie—

21 2317 236 2360 ronymus
252 2305 426 2349 Natalis
442 2305 499 2348 ad
516 2306 797 2348 fundandum
815 2304 1061 2361 collegium
1079 2318 1368 2349 messanense
1385 2303 1431 2345 in
1447 2302 1644 2347 Siciliam

24 2396 127 2424 cum
155 2396 322 2439 nouem
351 2382 506 2438 socijs,
537 2381 543 2439 Ι
571 2382 618 2424 in
639 2397 729 2437 quo
757 2381 949 2437 collegio
976 2380 1118 2423 nostri
1152 2380 1357 2436 publicas
1387 2381 1564 2422 scholas
1592 2394 1643 2422 o-

24 2458 194 2501 mnium
212 2459 548 2515 disciplinarum
566 2466 856 2515 aperuerunt,
871 2466 1185 2514 praeterquam
1198 2457 1307 2499 iuris
1318 2463 1363 2499 et
1373 2456 1636 2500 medicinae.

23 2536 131 2580 Erat
152 2551 346 2592 magnus
369 2538 544 2579 fructus
571 2535 617 2578 in
645 2535 812 2587 Sicilia,
839 2536 981 2578 multa
1002 2549 1137 2590 opera
1158 2535 1328 2577 fiebant
1351 2548 1373 2575 a
1397 2535 1564 2577 Ioanne
1585 2534 1642 2578 de

20 2614 152 2669 Vega
174 2620 219 2657 et
246 2628 400 2666 vxore,
431 2619 704 2669 procurante
727 2615 779 2655 Ρ.
810 2614 1088 2663 Domeneco,
1115 2617 1160 2654 et
1183 2613 1417 2654 Messanae
1446 2624 1641 2666 magnus

18 2692 194 2733 fructus
215 2689 262 2732 in
284 2689 563 2733 auditoribus
585 2697 630 2734 et
652 2689 764 2744 alijs.
792 2691 961 2745 Magna
983 2687 1184 2744 cognitio
1208 2686 1448 2731 Societatis
1471 2694 1516 2730 et
1543 2686 1639 2730 exi-

17 2766 213 2811 stimatio
235 2766 281 2808 in
304 2766 494 2809 concilio
517 2766 761 2811 tridentino
782 2781 861 2822 per
877 2772 1071 2808 nostros.
1090 2765 1169 2807 26
1187 2765 1464 2807 Confirmata
1480 2770 1638 2806 aucto-

18 2845 149 2888 ritate
182 2842 426 2900 apostolica
458 2842 686 2896 exercitia,
720 2843 927 2898 latinitatj
960 2843 1079 2894 data,
1109 2855 1162 2884 ac
1191 2840 1324 2897 typis.
1356 2842 1405 2883 In
1438 2840 1638 2884 Africam

89 3011 101 3031 ¹
153 3012 240 3053 Ms.‚
260 3022 446 3056 quorum.
