1958 3210
783 139 1001 176 APPENDIX
1503 142 1508 147 '
1628 138 1699 176 603

77 243 256 287 tendolo
278 244 473 286 anchora
494 257 622 287 come
644 242 894 297 bisognaua
917 248 1222 297 augmentare.
1256 243 1298 285 A
1322 248 1482 297 questo
1504 242 1696 298 collegio

74 303 149 360 poi
178 304 227 346 fu
254 302 471 358 aggionto
499 303 527 345 l’
559 301 784 345 authorita
810 301 868 344 de
895 315 984 343 vna
1011 300 1286 353 uniuersita,
1319 315 1405 344 con
1433 300 1696 357 amplissimi

74 362 295 418 priuilegij
321 362 412 404 dati
434 363 491 404 da
521 362 661 404 Paulo
693 375 716 415 3
747 367 791 402 et
814 359 934 417 Julio
959 373 999 414 3,
1026 360 1070 401 di
1103 361 1236 402 Carlo
1265 362 1306 404 V
1337 367 1383 403 et
1411 362 1446 403 F
1449 360 1696 404 erdinando

74 421 231 477 primo.
267 423 340 464 Ha
369 423 540 464 hauuto
572 420 687 463 assai
720 420 955 462 laudeuole
987 434 1254 474 progresso,
1289 427 1332 463 et
1359 419 1396 462 si
1426 419 1468 463 io
1499 422 1692 463 hauesse

72 487 257 537 possuto
280 480 544 523 continuare
566 479 732 522 valenti
749 486 793 521 et
811 478 959 521 stabili
976 478 1144 530 lettori,
1165 493 1299 521 senza
1317 480 1405 521 falo
1423 479 1466 520 di
1484 481 1532 522 se
1551 486 1695 522 stesso

73 540 188 584 seria
210 540 446 583 cresciuto.
473 539 521 583 Si
550 541 607 581 ha
635 540 745 581 fatto
774 537 1008 594 gagliardo
1039 538 1255 593 principio
1277 538 1321 580 di
1353 538 1536 581 fabrica.
1564 540 1611 582 S’
1639 541 1695 581 ha

73 606 333 643 consecrato
354 614 442 641 vna
464 599 632 653 capella
654 598 699 639 in
723 612 856 639 nome
879 604 923 640 et
951 599 1125 640 honore
1147 598 1191 639 di
1214 598 1309 641 S.t0
1332 598 1613 641 Hieronimo.
1641 599 1690 642 S’

72 660 131 701 ha
152 659 375 714 aquistato
400 671 508 711 1400
530 657 676 699 fiorini
704 657 759 699 de
788 656 961 698 intrade
991 664 1220 711 perpetue.
1253 658 1302 700 S’
1326 658 1383 699 ha
1419 658 1573 700 dotato
1605 671 1691 700 con

73 719 211 761 molte
232 717 433 772 reliquie,
459 716 669 771 clynodij,
696 715 946 759 ornamenti
969 722 1013 757 et
1036 715 1283 770 paramenti
1306 716 1612 759 ecclesiastici.
1640 717 1689 761 S'

71 779 130 820 ha
153 778 264 819 fatto
287 783 459 820 rectore
482 790 565 818 con
589 789 784 831 capuzzo
807 781 851 818 et
867 782 1061 829 sceptro,
1082 774 1230 830 sigillo
1248 775 1292 816 di
1311 776 1358 819 S.
1372 780 1410 810 to
1428 775 1693 819 Hieronimo

72 836 277 892 sculpito.
297 837 347 878 In
364 836 427 877 fin
448 836 472 878 e
495 835 658 877 andato
678 841 802 876 tanto
824 833 1019 885 innanzi,
1044 835 1143 885 che,
1174 849 1222 876 se
1243 833 1331 876 Dio
1354 834 1413 876 mi
1436 835 1493 877 da
1514 835 1556 877 13
1579 834 1688 888 vita,

72 910 163 938 non
184 896 209 938 6
230 895 368 938 dubio
389 896 473 937 che
494 896 593 937 sera
615 893 811 936 stabilito
834 900 879 936 et
901 907 1047 935 messo
1070 900 1188 935 sotto
1212 894 1272 936 tal
1294 894 1580 949 protettione,
1607 896 1690 938 che

72 954 102 996 li
123 953 372 998 successori
393 968 485 996 non
506 953 711 1009 potriano
734 953 799 994 far
828 952 1092 995 mutatione.

161 1015 211 1056 In
229 1020 387 1070 questo
404 1013 447 1055 io
464 1027 555 1055 non
569 1014 627 1055 ho
644 1011 911 1054 maicercato
926 1026 1041 1054 vana
1055 1011 1213 1067 gloria,
1229 1026 1366 1055 ouero
1382 1012 1514 1056 laude
1531 1013 1694 1056 huma-

73 1088 145 1125 na,
172 1088 243 1116 ma
271 1074 366 1116 solo
398 1072 428 1114 il
457 1071 641 1116 seruitio
672 1072 727 1114 da
754 1070 857 1124 Dio,
889 1077 933 1114 et
962 1085 1039 1126 per
1065 1085 1200 1114 cauar
1228 1071 1434 1124 ministri,
1469 1073 1690 1127 parrochi,

74 1133 232 1188 praeti,
267 1131 432 1184 clerici,
467 1130 691 1183 monachi,
724 1129 904 1172 maestri
928 1130 972 1171 di
1000 1131 1174 1181 schola,
1201 1138 1245 1174 et
1279 1132 1397 1173 bona
1419 1131 1691 1176 educatione

76 1191 118 1234 di
151 1192 262 1234 laici.
294 1192 341 1236 S’
373 1192 534 1235 adesso
562 1190 604 1232 io
626 1191 669 1232 lo
691 1190 916 1232 douuesse
938 1189 1214 1244 estinguere,
1239 1204 1331 1232 non
1359 1191 1542 1234 credera
1564 1198 1691 1247 pote-

77 1252 144 1293 rlo
175 1252 268 1295 fare
299 1265 433 1294 senza
459 1250 548 1292 mia
577 1256 721 1292 morte
743 1256 787 1291 et
810 1248 1031 1300 calamita,
1057 1262 1259 1304 espressa
1281 1263 1359 1304 per
1381 1249 1411 1291 il
1439 1251 1565 1292 dolor
1597 1251 1693 1293 et'il

78 1311 294 1366 scrupulo
327 1312 410 1353 che
433 1308 627 1353 senteria
649 1309 693 1351 di
717 1316 877 1363 questo
908 1315 1238 1360 mancamento,
1269 1310 1480 1352 hauendo
1510 1309 1552 1351 io
1581 1311 1692 1352 fatto

75 1384 208 1425 sopra
237 1369 306 1412 cio
329 1369 405 1426 piu
432 1370 552 1412 volte
574 1376 679 1411 voto
702 1368 902 1418 solenne,
930 1374 974 1410 et
996 1382 1130 1411 senza
1147 1367 1358 1410 iactantia
1380 1370 1552 1411 hauuto
1570 1370 1694 1424 qual-

73 1431 156 1472 che
190 1429 479 1485 inspiratione
506 1428 625 1471 circa
657 1434 831 1482 questo.
873 1426 1007 1470 Siche
1045 1441 1118 1470 me
1155 1427 1378 1482 reputarei
1417 1427 1611 1484 indegno
1649 1429 1692 1471 di

74 1488 179 1540 vita,
220 1496 265 1531 et
292 1489 480 1532 sarebbe
517 1487 714 1543 periculo
752 1488 836 1530 che
872 1500 1069 1528 moresse
1105 1486 1361 1541 desperato.
1395 1487 1528 1531 Siche
1551 1502 1692 1543 prego

75 1549 130 1592 V.
158 1550 211 1591 R.
239 1549 291 1590 P.
319 1555 363 1592 et
381 1547 491 1604 ogni
508 1546 750 1590 christiano
772 1547 833 1587 m’
857 1545 993 1588 habbi
1016 1545 1340 1600 compassione,
1367 1546 1691 1590 considerando

72 1606 102 1649 il
130 1607 219 1650 mio
249 1608 538 1651 fondamento
560 1621 681 1651 esser
703 1620 782 1662 per
804 1604 834 1646 il
871 1604 1055 1648 seruitio
1093 1604 1137 1646 di
1171 1606 1351 1648 Christo
1392 1613 1437 1649 et
1469 1606 1689 1650 necessita

71 1667 186 1709 della
218 1667 306 1709 mia
337 1666 522 1719 diocesi,
554 1666 673 1709 nella
705 1665 836 1720 quale
864 1678 1084 1707 mancano
1112 1664 1224 1706 tanti
1262 1672 1307 1708 et
1338 1665 1450 1707 tanti
1478 1665 1685 1709 ministri.

73 1727 164 1782 Qui
193 1726 282 1769 mia
309 1726 574 1770 conscienza
602 1740 672 1768 me
702 1724 922 1780 astringe,
954 1730 1127 1766 mentre
1161 1725 1244 1766 che
1271 1724 1393 1777 Viuo,
1427 1725 1492 1766 far
1521 1732 1689 1780 quanto

71 1801 219 1842 posso,
251 1801 342 1829 non
371 1786 578 1829 temendo
605 1784 635 1827 li
662 1783 849 1840 periculi
882 1790 926 1827 61
958 1783 1148 1826 1111113001
1170 1783 1304 1838 (16ρο1
1340 1784 1382 1826 13
1411 1784 1499 1826 11113
1527 1792 1685 1827 1110116.

73 1845 158 1889 Dio
186 1847 211 1889 6
239 1846 283 1888 (11
311 1860 460 1901 sopra,
486 1861 511 1889 e
539 1844 845 1900 omnipotente:
873 1842 1014 1886 faccia
1036 1843 1184 1898 quello
1207 1845 1290 1886 che
1317 1842 1348 1884 li
1371 1858 1476 1899 pare
1499 1851 1544 1886 et
1567 1845 1690 1900 piac-

73 1919 140 1958 ce,
165 1912 210 1948 et
232 1905 275 1948 io
296 1908 341 1947 n’
367 1908 425 1948 ho
447 1905 503 1947 da
525 1919 646 1947 esser
667 1910 879 1946 contento
902 1910 946 1944 et
967 1903 1169 1945 laudarlo
1191 1916 1381 1958 sempre.

163 1966 237 2008 Ma
258 1979 336 2021 per
363 1965 662 2008 confessarme
684 1964 756 2006 del
777 1962 937 2005 intiero
959 1975 1110 2014 cuore,
1131 1961 1174 2004 io
1191 1976 1282 2005 non
1299 1963 1357 2004 ha
1379 1961 1441 2004 rei
1464 1962 1688 2006 ardimen-

74 2030 119 2066 to
156 2025 199 2066 d’
240 2024 515 2080 estinguere,
554 2022 845 2079 supprimere,
887 2036 1025 2065 ouero
1062 2022 1303 2065 transferre
1344 2021 1374 2063 il
1415 2021 1609 2078 collegio
1646 2022 1690 2064 di

72 2085 119 2128 S.
133 2088 171 2117 ¹³0
194 2083 457 2127 Hieronimo
479 2084 535 2126 da
557 2083 757 2139 Dilinga,
783 2089 827 2124 et
854 2096 965 2124 sono
994 2080 1143 2123 sicuro
1164 2082 1248 2123 che
1276 2095 1473 2124 nessuna
1495 2096 1599 2124 cosa
1621 2096 1691 2124 me

72 2151 250 2199 potesse
273 2150 398 2187 tanto
421 2143 654 2186 consolare
676 2144 761 2186 che
788 2140 831 2183 io
858 2156 950 2183 non
978 2141 1096 2183 fosse
1124 2139 1170 2181 111
1201 2139 1400 2195 periculo
1428 2141 1482 2183 de
1511 2155 1691 2184 0350316

73 2203 120 2245 111
153 2203 480 2259 desperatione,
505 2217 632 2245 come
658 2207 916 2244 mancatore
937 2200 1009 2242 del
1031 2206 1135 2242 voto
1158 2200 1250 2242 cosi
1273 2200 1456 2242 solenne
1478 2200 1549 2243 del
1571 2199 1690 2243 iura*

73 2269 241 2316 mento,
281 2270 326 2307 et
362 2263 464 2306 dell’
504 2261 794 2318 inspiratione
824 2269 1081 2303 veramente
1108 2258 1275 2302 diuine.
1309 2258 1442 2303 Siche
1480 2274 1610 2315 sopra
1647 2259 1691 2301 di

71 2329 231 2377 questo
261 2338 354 2366 non
381 2322 573 2378 bisogna
600 2335 788 2378 pensare
825 2319 869 2362 di
906 2326 1108 2376 poterine
1143 2317 1324 2362 vincere
1352 2333 1400 2361 se
1423 2333 1515 2361 non
1543 2333 1628 2362 con
1651 2319 1692 2360 la

71 2388 228 2425 morte.

161 2444 235 2485 Ma
256 2440 415 2497 poiche
438 2455 516 2496 per
537 2439 796 2496 esperienza
817 2438 873 2481 de
902 2452 931 2480 X
954 2436 1058 2480 anni
1081 2442 1126 2480 et
1155 2448 1202 2479 12
1226 2435 1272 2478 in
1295 2451 1382 2491 qua
1403 2438 1462 2479 ho
1485 2435 1692 2480 conside-

73 2507 169 2543 rato
197 2501 227 2542 li
249 2500 570 2553 mancamenti,
602 2499 721 2554 quali
749 2512 859 2540 sono
889 2510 1073 2539 occorso
1101 2495 1186 2537 allo
1215 2495 1408 2551 collegio
1437 2502 1481 2539 et
1508 2496 1691 2539 Vniuer-

73 2559 158 2603 sita
178 2559 223 2602 di
244 2559 443 2616 Dilinga,
474 2561 532 2601 ho
556 2565 732 2601 trouato
760 2559 844 2600 che
864 2557 906 2598 la
929 2555 1143 2598 continua
1170 2554 1416 2598 mutatione
1444 2562 1488 2598 et
1510 2563 1691 2611 partem--

74 2634 125 2662 za
161 2620 266 2663 delli
302 2618 601 2675 praeceptori,
627 2616 807 2660 maestri
845 2622 889 2659 et
918 2614 1068 2657 lettori
1096 2615 1154 2656 ha
1183 2614 1294 2656 fatto
1322 2613 1495 2657 infinito
1524 2615 1688 2666 darino,

73 2692 164 2721 11011
184 2679 279 2721 5010
302 2678 418 2721 01103
439 2679 482 2721 13
503 2676 714 2729 (101111113,
733 2690 806 2718 1113
823 2676 1017 2717 anchora
1034 2672 1153 2715 eirca
1173 2673 1204 2714 li
1226 2673 1416 2716 costumi
1439 2681 1483 2716 et
1504 2674 1692 2717 esserci-

75 2737 121 2793 tij
146 2737 436 2782 ecclesiastici
459 2744 503 2779 et
529 2737 572 2779 la
601 2734 849 2791 disciplina.
876 2733 1011 2777 Siche
1039 2732 1082 2775 io
1102 2731 1162 2773 mi
1186 2739 1316 2775 trouo
1343 2734 1538 2775 sforzato
1560 2733 1604 2775 di
1628 2734 1692 2775 far

75 2798 265 2852 qualche
293 2804 545 2853 opportuna
573 2793 852 2852 prouissione
880 2807 959 2848 per
987 2791 1290 2835 stabilimento
1318 2799 1363 2836 et
1393 2793 1610 2836 fermezza
1632 2792 1692 2835 dil

74 2858 197 2900 detto
219 2857 410 2912 collegio
433 2863 477 2900 et
500 2854 745 2898 uniuersita
767 2853 822 2896 de
843 2851 1044 2907 Dilinga,
1069 2857 1129 2902 et,
1156 2850 1227 2905 poi
1251 2851 1291 2893 la
1313 2851 1600 2894 inuocatione
1621 2852 1693 2894 del

74 2916 292 2972 consiglio
314 2916 484 2969 diuino,
509 2917 568 2957 ho
590 2914 762 2971 parlato
783 2927 869 2955 con
890 2910 921 2953 il
944 2910 1052 2954 R.d0
1076 2911 1220 2952 Ρ3(116
1238 2911 1415 2966 Laynes
1431 2917 1476 2954 et
1496 2910 1526 2953 il
1551 2911 1695 2955 Padre
