1958 3210
1649 171 1666 181 η

834 181 921 217 1555
1648 182 1693 217 ³9

64 278 279 336 professis
308 275 514 320 creandis
543 274 749 318 definiuit
779 277 829 317 Ρ.
863 274 1083 330 Ignatius,
1115 282 1163 316 vt
1191 289 1279 330 ego
1307 274 1465 329 scripsi
1494 273 1540 316 in
1562 276 1692 316 char—

66 356 174 407 tula3
200 368 288 408 qua
310 353 354 394 in
378 367 426 396 re
448 367 503 395 ex
525 350 863 407 dispensatione
886 350 1060 405 aliquos
1082 350 1349 393 nominauit:
1381 366 1478 393 eam
1508 352 1692 393 chartu—

66 433 152 474 lam
174 445 260 486 ego
282 428 385 472 dedi
415 428 538 471 Patri
568 435 724 471 nostro
754 427 910 483 Layni.
945 429 994 469 In
1024 427 1369 479 consultatione,
1402 442 1536 482 quam
1566 427 1694 470 iussu

66 509 117 550 Ρ.
144 505 304 562 Ignatij
330 506 587 548 habuerunt
618 507 776 548 Patres
799 505 855 546 ad
878 504 1006 559 plura
1033 504 1264 559 suffragia,
1297 518 1413 558 quae
1439 510 1695 558 sequuntur

64 584 275 626 conclusa
297 589 419 624 sunt:
446 582 637 636 primum
661 580 876 623 conuenit
898 587 946 622 vt
963 580 1112 623 statim
1136 587 1376 624 seruentur
1404 579 1690 623 constitutio—

64 675 158 703 nes.
191 671 304 702 2.um
332 666 380 700 vt
411 659 772 714 promulgentur,
806 659 928 712 quod
956 664 1024 700 est
1054 671 1291 700 necessum
1325 658 1381 699 ad
1409 655 1690 700 obseruatio-

64 751 187 780 nem:
216 747 329 790 3,um
360 750 416 778 ne
445 734 697 790 ligarentur
724 748 885 776 manus
915 735 968 776 Ρ.
1003 733 1165 788 Ignatij
1182 766 1190 784 ,
1223 733 1260 775 si
1289 733 1351 774 illi
1379 732 1692 776 vi63deretur

62 813 158 855 illas
180 812 328 867 aliqua
350 812 395 854 in
419 818 545 867 parte
567 810 731 853 mutari
753 811 933 853 debere.
961 821 1075 863 4‚um
1100 824 1157 852 ne
1178 809 1241 851 ita
1267 809 1556 865 publicentur
1579 824 1692 852 con-

63 889 334 940 stitutiones,
373 895 421 931 ut
460 887 577 944 typis
614 888 897 930 excudantur
934 887 1007 931 vel
1045 886 1242 930 externis
1280 886 1688 929 communicentur.

63 976 175 1020 5‚um
204 972 252 1009 Vt
280 967 392 1009 haec
422 965 550 1016 fiant,
583 964 708 1020 prius
740 971 808 1006 est
832 978 1070 1008 necessum
1098 965 1106 984 ¹
1132 971 1181 1005 vt
1210 963 1360 1018 aliqua
1382 963 1520 1005 dubia
1550 964 1691 1005 resol—

63 1050 240 1094 uantur,
272 1042 394 1097 quod
424 1042 569 1084 tribus
597 1049 675 1084 aut
698 1054 726 1095 4
754 1041 915 1084 diebus
938 1040 1035 1084 fieri
1063 1040 1250 1096 poterit,
1284 1040 1321 1083 si
1349 1041 1482 1082 detur
1512 1040 1553 1083 ei
1581 1040 1644 1083 rei
1674 1041 1689 1060 ‘³

61 1134 208 1176 opera.
232 1120 347 1162 6‚um
370 1120 492 1174 quod
510 1120 566 1162 ad
589 1126 872 1175 praesentem
901 1119 1160 1174 generalem
1184 1117 1362 1170 attinet,
1393 1117 1489 1173 ipse
1518 1118 1686 1170 videat,

62 1197 178 1240 facta
206 1196 431 1248 oratione,
463 1211 521 1238 an
559 1195 820 1239 demandari
849 1194 1106 1238 executioni
1143 1196 1322 1247 debeat,
1355 1196 1476 1249 quod
1506 1196 1690 1237 tradunt

60 1273 405 1317 constitutiones
422 1288 522 1317 esse
539 1273 874 1315 obseruandum
893 1271 1012 1315 circa
1024 1273 1298 1328 generalem,
1311 1287 1460 1326 neque
1488 1272 1493 1330 Ι
1521 1286 1687 1315 execu—

62 1350 169 1393 tioni
198 1351 345 1402 detur,
372 1350 456 1392 nisi
479 1349 681 1393 suauiter
704 1349 800 1405 ipse
830 1349 952 1401 velit,
985 1349 1082 1392 siue
1106 1350 1227 1403 quod
1250 1350 1305 1392 ad
1329 1364 1566 1404 personam
1591 1348 1690 1392 eius

59 1427 233 1479 attinet,
265 1427 363 1471 siue
392 1428 513 1483 quod
543 1428 598 1470 ad
632 1417 1026 1482 gubernationem.
1061 1426 1216 1469 Priora
1248 1438 1270 1481 5
1309 1426 1457 1482 capita
1478 1426 1690 1482 probauit

60 1506 111 1547 P.
138 1504 357 1560 Ignatius:
384 1506 440 1548 de
463 1505 525 1547 6.⁰
549 1504 661 1546 dixit
683 1518 732 1546 se
761 1503 1083 1560 cogitaturum.
1117 1504 1273 1547 Voluit
1298 1506 1349 1546 Ρ.
1374 1503 1581 1559 [gnatius
1604 1503 1689 1546 ali—

59 1581 167 1637 quid
196 1581 330 1624 scribi
358 1583 415 1625 de
449 1581 724 1633 obedientia3
757 1588 801 1624 et
830 1595 970 1635 quum
998 1581 1169 1624 diceret
1200 1582 1315 1623 velle
1338 1596 1386 1624 se
1408 1581 1515 1623 dare
1545 1595 1691 1637 nego—

58 1658 175 1701 cium
194 1659 303 1701 illud
320 1661 377 1702 D.
401 1658 638 1710 Madridio,
660 1658 846 1702 liberius
864 1657 970 1700 dixi:
997 1657 1098 1712 «qui
1117 1657 1282 1714 poterit
1299 1658 1409 1700 illud
1424 1658 1624 1701 nouitius
1643 1660 1685 1700 P»

57 1741 99 1779 et
122 1742 271 1779 tamen
294 1735 338 1777 id
361 1735 468 1778 fecit
491 1737 548 1778 D.
577 1735 769 1788 Madrid,
795 1742 840 1777 et
864 1736 916 1777 P.
943 1734 1148 1790 Ignatius
1166 1735 1241 1777 illa
1265 1748 1280 1778 Ι
1295 1748 1310 1778 1
1333 1735 1481 1791 capita
1503 1736 1558 1778 de
1577 1737 1687 1778 obe-

53 1811 236 1866 dientia,
262 1827 454 1868 quorum
476 1819 545 1856 est
567 1812 760 1855 initium:
792 1814 865 1854 «In
890 1812 1100 1867 ingressu
1123 1812 1400 1867 religionis.»

141 1891 244 1933 Non
277 1890 342 1931 fui
376 1891 546 1932 Romae
595 1889 783 1946 (opinor)
817 1890 971 1944 plures
1005 1903 1139 1944 quam
1179 1890 1228 1931 18
1263 1889 1392 1949 [dies]
1424 1890 1503 1932 64
1545 1904 1684 1944 quum

56 1968 106 2008 Ρ.
133 1965 336 2022 Ignatius
358 1966 479 2009 misit
501 1981 572 2010 me
595 1965 638 2008 in
663 1965 945 2021 Hispaniam.
973 1966 1099 2008 Haec
1118 1965 1270 2009 missio
1288 1981 1381 2009 non
1399 1966 1485 2009 fuit
1502 1968 1558 2009 ad
1580 1966 1685 2009 visi-

54 2044 256 2097 tandum,
281 2044 361 2087 sed
384 2050 433 2087 vt
455 2050 799 2087 succurreretur
822 2043 836 2063 ³
861 2041 1106 2098 provisioni
1128 2043 1306 2099 collegij
1341 2043 1528 2086 romani.
1556 2044 1683 2086 Dixit

53 2121 202 2164 Pater:
232 2138 248 2159 «
258 2120 346 2163 Ibis
369 2128 417 2162 vt
438 2119 731 2176 provideatur
753 2120 981 2175 praesenti
1009 2120 1269 2163 necessitati
1291 2135 1347 2163 ex
1369 2121 1467 2176 alijs
1495 2120 1681 2176 prouin—

51 2195 146 2251 cijs,
172 2204 485 2252 praeterquam
510 2196 833 2252 Portugalliae,
860 2211 917 2239 ne
933 2199 1019 2239 hoc
1042 2196 1284 2253 collegium
1302 2205 1496 2250 corruat,
1519 2199 1682 2242 funde—

52 2279 123 2315 tur
144 2273 296 2326 etiam,
322 2273 359 2316 si
382 2274 479 2318 fieri
502 2273 688 2330 possit.»
715 2273 854 2317 Dedit
871 2273 979 2315 mihi
1003 2288 1182 2318 omnem
1206 2274 1540 2327 auctoritatem,
1561 2276 1683 2330 quod

49 2350 105 2392 ad
118 2350 423 2412 prouisionem
440 2350 679 2403 attinebat,
691 2365 840 2405 neque
858 2350 1019 2406 aliquis
1039 2351 1096 2393 sit
1114 2358 1347 2406 exceptus,
1365 2359 1682 2407 praeterquam

51 2428 102 2469 P.
128 2427 399 2470 Franciscus
428 2435 472 2471 et
504 2430 556 2471 Ρ.
589 2428 820 2471 Antonius
850 2429 888 2470 ⁴:
922 2427 967 2470 in
997 2428 1095 2483 alijs
1118 2429 1270 2480 rebus,
1297 2435 1346 2470 vt
1374 2428 1444 2472 his
1468 2429 1682 2472 Patribus

119 2565 129 2584 ¹
180 2564 257 2599 ΜΞ.
269 2592 278 2610 ,
292 2565 413 2611 prius
430 2568 485 2600 est
504 2576 702 2600 necessum
718 2568 787 2600 est.

115 2625 129 2643 2
180 2623 268 2665 Ms„
288 2625 407 2659 detur
424 2625 461 2659 ei
479 2625 540 2659 rei
557 2625 690 2659 detur.

117 2683 130 2702 5
179 2683 270 2729 Ms.,
289 2686 561 2719 succurretur.

116 2743 130 2762 ⁴
181 2743 260 2777 «En
280 2743 317 2777 lo
334 2743 471 2789 quinto
490 2743 538 2778 de
557 2745 593 2778 la
611 2742 824 2789 provision,
844 2743 980 2779 tendra
1004 2745 1118 2790 plena
1143 2744 1346 2780 autoridad
1369 2757 1461 2792 para
1484 2746 1604 2792 poder
1623 2751 1679 2780 to<

48 2811 127 2835 mar
144 2801 304 2847 consigo
322 2805 344 2837 ό
362 2802 487 2838 inviar
505 2802 776 2849 qualesquiera
794 2814 980 2848 personas
999 2805 1020 2837 a
1038 2814 1114 2837 una
1132 2808 1240 2849 parte
1259 2817 1284 2850 y
1303 2807 1324 2840 a
1343 2810 1440 2851 otra,
1459 2810 1624 2851 excepto
1642 2806 1678 2839 el

46 2859 88 2893 P.
109 2860 315 2908 Francisco
333 2873 358 2907 y
383 2863 418 2896 el
438 2862 481 2897 P.
501 2863 552 2897 D.
579 2862 751 2897 Antonio
777 2862 824 2897 de
852 2862 1046 2906 Cordoba3
1067 2875 1092 2908 y
1117 2866 1325 2898 asimesmo
1343 2876 1435 2911 para
1454 2864 1678 2900 ordenarles

41 2919 240 2965 cualquier
274 2931 363 2955 cosa
397 2933 473 2967 que
508 2927 626 2967 tenga
661 2933 729 2968 por
763 2922 1094 2957 conveniente...»
1118 2921 1264 2958 Cartas
1293 2924 1340 2958 de
1377 2924 1461 2959 San
1495 2924 1678 2971 Ignacio,

47 2978 116 3022 VI,
137 2987 195 3023 25.
