1958 3210
833 172 916 216 1561
1640 171 1686 215 69

63 275 295 319 Pontifieis
316 282 361 319 et
384 274 546 325 Patris,
567 288 651 318 nec
673 273 886 316 inchoare
903 272 1144 328 quicquam
1166 287 1222 315 ex
1244 272 1392 315 officio
1404 273 1574 324 faeere,
1598 287 1680 314 an-

66 359 248 407 tequam
271 351 395 393 illum
418 350 723 394 conuenirem.

786 482 960 511 TOLETI

153 582 268 625 Veni
310 582 536 634 Toletum,
583 581 659 623 vbi
701 581 1021 623 domunculam
1063 586 1109 621 et
1151 580 1413 622 sacellulum
1456 581 1685 623 habebant

61 658 220 701 nostri:
245 673 299 701 eo
321 657 464 714 reperi
489 660 541 700 P.
568 657 835 710 Antonium,
862 670 995 711 quem
1017 671 1104 712 ego
1122 670 1432 700 euocaueram.

152 736 446 791 Agnoueram
465 734 694 789 Compluti
711 741 843 776 antea
871 735 875 787 Ι
903 733 949 774 in
961 733 1156 776 Araozio
1174 732 1327 776 nescio
1345 733 1452 787 quid
1473 733 1682 776 offensio-

63 811 147 854 nis:
171 812 244 854 hic
265 811 311 853 in
333 811 429 854 dies
451 812 736 854 offendebam
759 809 989 863 maiorem,
1010 809 1073 852 ita
1089 817 1137 852 vt
1160 824 1325 865 magna
1342 824 1454 864 opus
1473 811 1683 853 haberem

61 887 297 941 industria,
328 895 377 930 vt
405 887 525 930 illius
564 887 761 929 animum
800 887 1034 928 commode
1058 893 1315 930 tractarem:
1356 885 1465 928 mihi
1503 886 1683 942 quidem

61 964 340 1020 displicebat.

149 1042 266 1085 Sunt
281 1041 514 1096 expeditae
537 1048 582 1084 et
604 1040 767 1083 missae
790 1038 1007 1095 pecuniae
1025 1041 1230 1082 Romam:
1253 1039 1410 1094 opinor
1428 1039 1526 1081 illas
1544 1039 1684 1083 fuisse

60 1132 117 1160 ex
139 1117 338 1172 reliquiis
360 1117 470 1160 iuris
492 1119 545 1160 Ρ.
572 1119 607 1159 F
610 1115 816 1159 rancisci.
844 1116 1053 1160 Conueni
1075 1116 1244 1170 aliquot
1268 1122 1517 1171 magnates:
1544 1115 1591 1158 in
1614 1116 1684 1158 his

58 1194 270 1237 comitem
293 1194 531 1238 feriensem
559 1200 605 1238 et
642 1193 913 1236 Rodericum
939 1194 1148 1256 ⁵Gomez:
1181 1200 1372 1247 vterque
1408 1192 1684 1247 suspiciebat

60 1271 319 1314 Araozium.
352 1271 458 1327 Egit
486 1271 604 1314 serio
632 1271 753 1326 apud
781 1285 852 1312 me
882 1269 1131 1312 Rodericus
1159 1285 1215 1314 ne
1244 1270 1548 1326 reciperemus
1571 1284 1683 1313 neo-

57 1349 235 1403 phytos,
261 1348 332 1403 cuj
359 1347 561 1404 grauiter
582 1347 695 1390 129
712 1346 939 1402 respondi,
965 1346 1172 1389 adductis
1195 1346 1491 1403 argumentis,
1518 1346 1682 1401 quibus

57 1425 376 1467 confirmabam
400 1432 600 1467 nostram
623 1423 894 1476 libertatem,
921 1430 1007 1467 etc.

145 1503 233 1544 Per
253 1501 498 1545 Araozium
520 1501 715 1544 salutaui
738 1501 1055 1556 hispalensem:
1076 1501 1171 1556 egit
1190 1515 1366 1544 mecum
1384 1501 1440 1543 de
1459 1501 1679 1545 toletano:

55 1577 167 1620 dixit
189 1593 280 1621 non
301 1579 446 1621 solum
469 1577 671 1620 damnari
694 1577 792 1620 eius
819 1577 1158 1629 catechismum,
1191 1579 1271 1621 sed
1292 1577 1338 1619 in
1366 1592 1420 1620 eo
1452 1579 1677 1620 haereses.

57 1656 212 1709 Quum
235 1655 466 1699 videretur
486 1656 666 1699 eleuare
703 1654 998 1697 cardinalium
1036 1653 1368 1707 auctoritatem,
1403 1655 1684 1698 confidenter

57 1731 147 1773 dixi
164 1731 263 1775 illos
280 1731 505 1787 principes
523 1731 790 1775 Vniuersalis
806 1731 1040 1783 ecclesiae,
1061 1738 1148 1774 etc.
1171 1733 1325 1786 Quum
1344 1732 1551 1775 offerrem
1568 1745 1682 1787 opus

56 1808 295 1852 Societatis
337 1810 393 1851 ad
435 1817 642 1851 sanctum
691 1808 909 1861 officium,
956 1808 1148 1852 libenter
1184 1808 1373 1863 accepit,
1399 1815 1444 1851 et
1481 1807 1593 1850 dixit
1635 1823 1683 1851 se

55 1900 259 1928 vsurum.

145 1963 345 2006 Tandem
368 1962 493 2017 potui
522 1963 629 2006 dare
666 1962 817 2005 literas
851 1962 964 2018 regi,
986 1963 1107 2017 quod
1134 1962 1140 2019 Ι
1168 1969 1407 2005 curauerat
1440 1962 1679 2013 Araozius;

53 2039 135 2082 sed
156 2038 217 2081 ita
239 2046 493 2090 curauerat,
519 2046 568 2081 vt
590 2038 701 2080 nihil
717 2039 867 2094 mjnus
905 2053 1064 2082 curare
1086 2039 1265 2095 poterit:
1293 2038 1356 2081 fui
1379 2037 1498 2081 enim
1516 2037 1682 2080 admis—

52 2114 147 2167 sus,
171 2129 312 2170 quum
334 2115 418 2158 iret
439 2116 495 2158 ad
516 2115 714 2167 missam,
739 2115 899 2159 obiter.
921 2115 1006 2158 Fui
1023 2130 1110 2171 ego
1132 2116 1416 2171 pertubatus,
1450 2114 1681 2170 respondit

52 2192 264 2236 humane:
295 2193 462 2247 «Seays
484 2191 589 2236 bien
610 2191 790 2244 venido,
816 2193 982 2235 hablad
1003 2197 1029 2234 a
1052 2192 1302 2248 Ruigomez
1330 2193 1387 2234 ¹.»

143 2268 316 2313 Literas
338 2276 488 2313 tamen
511 2269 666 2312 audiui
688 2284 788 2313 esse
810 2270 972 2312 relatas
996 2270 1052 2312 ad
1068 2269 1384 2325 hispalensem.

144 2346 260 2388 Cum
283 2346 504 2389 Roderico
526 2346 601 2402 egi
622 2347 679 2389 de
699 2346 840 2390 literis
862 2346 1240 2401 commendatitijs
1264 2347 1278 2366 ἓ
1303 2345 1424 2401 regis
1447 2346 1501 2387 ad
1527 2345 1675 2388 Pium:

53 2436 130 2465 eas
151 2422 271 2464 misit
293 2422 529 2465 Araozius.
557 2422 764 2466 Timebat
786 2422 872 2465 sibi
894 2425 951 2466 D.
980 2422 1253 2478 Rodriguez,
1280 2436 1337 2464 ne
1362 2423 1418 2465 ab
1436 2421 1680 2477 hispalensi

50 2497 422 2554 interrogaretur.
454 2499 583 2541 Illum
603 2513 658 2542 eo
690 2499 863 2542 facilius
892 2499 1008 2551 misi,
1041 2499 1161 2542 130
1190 2506 1238 2541 vt
1267 2499 1445 2542 iuuaret
1475 2501 1680 2555 neophy—

52 2582 123 2618 tos
149 2589 206 2617 ex
240 2575 504 2627 sarracenis,
544 2576 625 2619 sed
657 2575 729 2618 ille
768 2583 891 2620 recta
929 2578 1132 2619 Romam.
1180 2575 1381 2618 Discessi
1419 2576 1577 2618 Toleto
1623 2588 1677 2619 2o

50 2651 216 2707 Martij‚
237 2653 477 2694 admodum
499 2659 734 2708 pertaesus
751 2653 1127 2697 consuetudinem
1143 2667 1248 2695 cum
1270 2652 1441 2695 aulicis.
1469 2652 1557 2696 Hic
1586 2652 1679 2695 vidi

53 2727 342 2780 Malferitum,
368 2728 547 2773 Rieram
563 2735 609 2772 et
626 2729 916 2772 Torroellam.
938 2728 1109 2785 Accepi
1132 2729 1188 2771 ab
1206 2728 1418 2781 Araozio‚
1446 2728 1491 2771 in
1514 2729 1680 2784 quibus

51 2803 288 2846 dubitabat
310 2805 382 2847 vel
397 2805 691 2850 dificultatem
713 2805 951 2857 sentiebat,
976 2812 1022 2849 et
1044 2820 1069 2848 a
1093 2807 1145 2848 P.
1167 2805 1384 2857 Antonio,
1410 2813 1497 2850 etc.
1528 2806 1534 2862 Ι

127 2913 137 2932 ¹
187 2910 446 2958 SAccmNus,
466 2913 542 2947 loe.
568 2913 651 2956 cit.,
671 2925 713 2947 n.
738 2912 772 2947 8.

125 2972 138 2991 2
189 2971 617 3017 Ms.,commendatijs.
