1958 3210
764 203 983 238 APPENnix
1613 204 1681 250 565

17 325 28 341 ··
61 302 219 355 rentie,
250 301 470 353 Ferrarie,
503 308 548 345 et
572 302 665 356 jam
696 316 783 357 ago
813 302 1017 347 Viennae
1045 303 1223 347 circiter
1253 315 1276 357 7
1306 318 1459 347 annos.
1500 305 1565 346 16.
1597 305 1706 347 Fui·

62 365 229 406 Romae
253 361 378 417 quasi
401 375 479 416 per
502 376 668 402 annum
696 361 742 402 in
773 361 1052 416 probatione,
1078 370 1123 406 et
1152 364 1207 406 ad
1236 363 1421 418 primam
1452 365 1680 418 probatio-

61 436 163 465 nem
182 435 237 463 ex
254 420 339 462 illis
356 434 434 462 sex
452 420 716 475 respondeo:
744 420 807 462 1.⁰
823 421 927 478 Feci
945 421 1155 464 exercitia
1173 421 1433 477 spiritualia.
1453 422 1520 464 2.⁰
1533 424 1678 466 Inser—

62 480 151 522 vivi
179 479 451 535 pauperibus
484 478 529 520 in
558 479 848 521 xenodochio.
892 481 958 533 3.⁰
996 480 1317 535 Peregrinatus
1351 495 1466 523 sum.
1499 483 1567 534 4⁰
1596 482 1679 523 Fui

62 539 263 581 minister
285 538 356 580 hic
379 552 458 593 per
480 551 665 589 annum,
691 538 960 580 infirmarius
984 539 1280 581 laborantium
1305 554 1358 581 ex
1381 547 1522 594 peste,
1550 555 1679 595 prae-

27 596 32 600 *
63 600 207 641 fectus
238 596 457 655 sanitatis,
493 604 579 640 etc.
624 596 690 650 5.⁰
727 596 873 638 Docui
909 597 1155 640 doctrinam
1194 598 1479 640 christianam
1518 613 1680 654 pueros

62 656 319 713 germanice
341 655 387 697 in
409 655 573 698 nostris
595 655 772 697 scholis.
797 655 865 697 6.⁰
888 657 1195 698 Concionatus
1228 671 1325 699 sum
1351 657 1422 699 hic
1447 672 1524 712 per
1547 673 1679 700 vnam

61 715 450 771 quadragesimam
473 713 730 770 germanice
748 714 793 755 in
811 723 963 756 nostro
982 717 1160 770 templo:
1177 723 1276 770 post
1294 716 1525 770 prandium
1546 717 1679 758 audio

60 774 381 825 confessiones,
408 780 453 817 et
471 773 535 815 fui
552 773 852 816 confessarius
870 774 1166 816 laborantium
1186 788 1240 816 ex
1258 781 1396 829 peste.
1418 775 1531 830 Legi
1548 778 1678 817 scho-

61 833 229 876 lasticis
251 833 453 889 linguam
476 833 769 874 haebream...
798 833 907 875 Sum
932 840 1161 887 promotus
1179 833 1223 874 in
1241 833 1504 888 magistrum
1523 849 1547 876 a
1565 836 1675 877 Rev.

63 895 197 936 Patre
219 894 381 943 Natale
403 891 595 935 Vienne.
631 902 696 944 17.
720 891 913 933 Circiter
937 893 960 933 8
986 899 1062 933 aut
1084 907 1111 948 o
1134 906 1274 934 annos
1292 891 1335 933 in
1353 894 1532 935 saeculo
1556 892 1675 948 [ope-

61 967 153 994 ram
178 951 336 994 studiis
354 951 546 1004 navavi].
569 952 617 992 In
636 950 861 994 Societate
878 951 1232 1003 humanioribus,
1258 951 1420 1006 grecis,
1441 952 1675 996 hebraicis,

60 1010 311 1053 rhetoricae
333 1011 450 1052 duos
479 1024 635 1058 annos,
669 1016 713 1051 et
743 1009 1053 1064 philosophiae
1081 1011 1231 1051 studui
1262 1011 1439 1051 duobus
1468 1010 1610 1061 annis,
1636 1020 1680 1052 et

20 1069 316 1125 “theologiae
355 1079 377 1123 5
418 1068 560 1111 annis.
603 1070 706 1111 Non
743 1067 878 1110 docui
917 1069 1021 1110 alibi
1058 1076 1183 1111 extra
1220 1068 1506 1119 Societatem,
1547 1070 1679 1111 docui

63 1129 239 1172 Vienne
267 1128 311 1170 in
341 1129 482 1171 classe
516 1127 809 1169 humanitatis
843 1127 1018 1182 copiam
1047 1129 1287 1170 verborum
1318 1135 1362 1168 et
1390 1128 1540 1170 nescio
1572 1128 1678 1183 quid

7 1194 11 1197 '
60 1188 196 1240 aliud;
222 1202 325 1229 nam
348 1194 454 1229 sunt
469 1187 563 1242 jam
585 1188 701 1228 bene
723 1186 922 1241 quinque
950 1194 1027 1228 aut
1049 1201 1127 1228 sex
1156 1187 1274 1228 anni.
1311 1187 1456 1228 Docui
1478 1187 1676 1242 linguam

62 1247 317 1290 hebraicam
341 1261 420 1302 per
444 1256 466 1300 5
491 1260 642 1287 annos.
672 1247 757 1301 [HL
785 1246 883 1299 444]

153 1319 188 1349 Ι.
248 1305 450 1361 sommas
473 1306 727 1347 Piomzeus.
756 1317 795 1346 2.
823 1304 1028 1359 Triginta
1052 1311 1140 1346 tres
1162 1318 1302 1346 annos
1324 1311 1471 1345 natus.
1501 1317 1540 1357 3.
1567 1305 1677 1346 Gal—

57 1365 142 1416 lus,
170 1364 558 1420 andegauensis...
591 1376 656 1406 12.
677 1366 776 1420 Jam
801 1363 951 1418 agitur
974 1362 1175 1406 decimus
1203 1370 1390 1416 quartus
1419 1377 1563 1404 annus
1586 1364 1671 1404 Ro-

58 1439 155 1466 mae
178 1424 400 1466 admissus
423 1431 467 1466 et
489 1423 769 1466 examinatus
801 1423 918 1464 circa
948 1434 1001 1475 23
1031 1421 1294 1464 Decembris
1332 1431 1455 1474 1554,
1483 1423 1676 1475 Laureto

60 1490 211 1526 tamen
244 1496 293 1537 13
321 1483 522 1525 eiusdem
551 1482 717 1524 mensis
745 1481 816 1524 die
846 1484 1031 1524 Romam
1066 1480 1281 1522 missus...
1331 1493 1396 1532 14.
1439 1481 1672 1523 Sacerdos.

61 1552 126 1596 15.
148 1544 194 1584 In
215 1542 405 1598 collegio
424 1555 623 1593 romano,
645 1540 872 1596 perusino,
898 1539 1121 1591 eborensi,
1148 1535 1505 1590 conimbricensi,
1529 1539 1673 1580 ulissi-

56 1601 257 1656 ponensi,
284 1600 546 1643 turnonensi
569 1607 613 1642 et
636 1599 925 1655 lugdunensi.
960 1600 1024 1641 16,
1052 1600 1269 1641 Versatus
1293 1613 1389 1639 sum
1414 1598 1459 1639 in
1483 1597 1677 1641 seruitiis

56 1660 313 1702 domesticis
336 1662 504 1702 Romae
529 1667 618 1701 tres
641 1667 718 1701 aut
741 1667 933 1713 quatuor
956 1672 1149 1708 menses,
1171 1665 1215 1700 et
1233 1657 1430 1711 quinque
1448 1657 1518 1699 vel
1536 1671 1614 1699 sex
1633 1656 1675 1696 in

2 1748 23 1751 »-
41 1719 303 1771 Lusitania,
331 1716 661 1770 Conimbricae,
689 1726 733 1761 et
757 1720 948 1769 Eborae;
974 1717 1080 1760 item
1116 1716 1337 1771 Perugiae
1359 1715 1491 1757 docui
1515 1730 1677 1772 pueros

56 1793 134 1833 per
157 1780 268 1821 duas
291 1780 422 1820 horas
446 1778 645 1833 quotidie
668 1777 810 1819 tribus
834 1785 911 1819 aut
934 1784 1126 1832 quatuor
1144 1775 1388 1826 mensibus,
1412 1789 1528 1816 unus
1546 1788 1674 1828 prae*

55 1837 248 1893 ceptoris
265 1837 514 1880 coadiutor.
527 1871 553 1879 ..
582 1839 753 1879 Romae
769 1838 946 1879 creatus
964 1850 1061 1877 sum
1081 1834 1294 1889 magister
1313 1834 1357 1874 in
1376 1832 1670 1888 philosophia.

56 1897 177 1939 Ante
205 1897 459 1952 ingressum
489 1896 648 1938 studiis
679 1895 987 1946 humanitatis,
1020 1894 1285 1945 rhetoricae,
1316 1892 1454 1934 literis
1485 1891 1672 1947 graecis,

53 1956 313 1999 dialecticae
331 1962 375 1999 et
393 1956 720 2010 aliquantulum
739 1954 898 1997 studiis
921 1952 1263 1996 mathematicis.
1288 1954 1395 1994 Post
1418 1951 1672 2005 ingressum

33 2029 160 2058 -vero
183 2015 414 2066 retoricae,
436 2014 758 2070 philosophiae,
782 2013 1053 2068 theologiae,
1074 2010 1433 2061 mathematicae,
1455 2009 1676 2052 hebraicis

54 2073 209 2126 literis,
241 2082 347 2125 etc.,
374 2073 552 2116 casibus
581 2073 883 2115 conscientiae
912 2087 1092 2127 operam
1121 2070 1239 2113 dedi.
1273 2071 1392 2112 Ante
1422 2069 1674 2123 ingressum

53 2133 289 2177 Societatis
312 2133 445 2176 docui
467 2147 713 2187 nunquam3
740 2139 840 2187 post
863 2132 1117 2186 ingressum
1142 2128 1273 2171 docui
1301 2128 1510 2170 Perusiae
1532 2126 1672 2181 prima

55 2192 307 2234 rudimenta
329 2192 665 2248 grammaticae,
688 2198 861 2233 tantum
881 2198 963 2241 est,
985 2189 1157 2244 opinor,
1185 2196 1274 2231 tres
1291 2201 1466 2229 menses
1487 2193 1563 2227 aut
1581 2200 1675 2227 am-

56 2251 185 2306 plius.
206 2252 378 2294 Eborae
396 2251 546 2294 literas
564 2265 749 2307 graecas
770 2261 791 2304 5
812 2264 1004 2300 menses3
1023 2246 1335 2290 Conimbricae
1352 2245 1673 2286 humanitatem

57 2324 134 2365 per
171 2325 370 2357 mensem
408 2312 567 2363 ferme3
601 2309 899 2365 Ulyssiponae
936 2307 1258 2349 humanitatem
1296 2320 1373 2359 per
1409 2318 1590 2352 annum,
1632 2310 1676 2344 et

58 2369 324 2412 rhetoricam
349 2370 487 2413 ferme
508 2384 587 2424 per
611 2376 700 2412 tres
723 2383 886 2419 annos,
918 2365 1108 2421 demptis
1136 2364 1342 2407 videlicet
1372 2376 1398 2414 4
1427 2361 1671 2405 mensibus.

58 2429 224 2471 Romae
257 2429 407 2471 literas
444 2443 630 2484 graecas
657 2429 897 2483 ,professus
935 2441 1012 2481 per
1049 2439 1231 2466 annum.
1274 2421 1473 2464 Turnoni
1513 2434 1673 2461 nouem

31 2520 33 2522 .
57 2487 285 2530 mensibus
308 2489 538 2542 professus
567 2502 665 2529 sum
691 2486 978 2539 theologiam,
1004 2491 1049 2526 et
1071 2484 1233 2524 ibidem
1257 2481 1425 2534 aliquot
1448 2478 1675 2521 mensibus

56 2546 338 2589 rhetoricam.
381 2547 594 2602 Lugduni
631 2546 764 2588 docui
793 2545 943 2587 literas
972 2557 1158 2598 graecas
1187 2540 1394 2583 undecim
1425 2537 1671 2585 mensibus,

53 2613 97 2647 et
125 2605 290 2647 ibidem
320 2606 591 2648 rethoricam
616 2607 672 2647 ad
696 2606 719 2646 8
749 2605 821 2647 Vel
844 2619 870 2659 9
895 2603 1094 2653 menses3
1123 2601 1199 2642 sed
1223 2600 1266 2640 id
1296 2598 1450 2641 eodem
1477 2604 1674 2650 tempore

1 2700 3 2702 .
53 2678 130 2706 seu
154 2679 288 2716 anno,
315 2665 437 2707 horis
461 2672 635 2707 tantum
667 2663 872 2706 diuersis.
899 2663 987 2705 Sex
1018 2675 1195 2703 menses
1226 2656 1395 2712 praefui
1427 2654 1675 2696 conuictori

51 2723 137 2765 bus
165 2724 385 2775 Turnoni,
417 2724 494 2765 ubi
525 2723 659 2766 etiam
698 2722 885 2777 exposui
916 2719 1163 2762 doctrinam
1201 2715 1487 2758 christianam
1518 2713 1675 2777 diebus

51 2782 287 2825 dominicis
315 2782 360 2824 in
390 2790 544 2825 nostro
567 2783 747 2832 sacello,
782 2779 932 2823 nescio
963 2786 1071 2832 quot
1102 2776 1346 2825 mensibus,
1379 2774 1513 2815 credo
1543 2786 1673 2836 quin-

52 2854 139 2895 que
160 2842 232 2884 vel
254 2856 347 2885 sex.
376 2841 682 2884 Concionatus
706 2855 783 2895 per
807 2836 1195 2893 quadragesimam
1219 2834 1264 2875 in
1296 2833 1460 2886 templo
1484 2844 1676 2872 maxnno

53 2907 119 2942 ter
142 2900 186 2942 in
216 2901 510 2943 hebdomada.
545 2899 758 2955 Lugduni
788 2897 959 2953 praefui
989 2894 1326 2937 conuictoribus
1356 2891 1441 2933 iam
1467 2888 1673 2954 undecim

55 2959 299 3011 mensibus,
326 2959 402 3002 ubi
426 2959 561 3003 etiam
591 2957 778 3014 exposui
807 2955 1055 2998 doctrinam
1084 2951 1370 2995 christianam
1403 2964 1480 3004 per
1507 2948 1673 3002 aliquot
