1958 3210
241 191 295 240 380
816 201 858 234 P.
888 200 1076 234 NATALIS
1103 199 1323 234 EPHEMER.

250 306 346 349 Hic
360 307 451 347 non
475 304 622 345 solum
644 300 754 343 mihi
776 300 903 343 visus
925 306 995 343 est
1011 298 1205 343 idoneus
1222 304 1402 354 praeter
1418 303 1638 351 caeteros,
1659 297 1739 340 sed
1756 311 1888 352 quem
1928 316 1958 354 ¹g

1950 379 1958 405 ι

248 384 356 433 fere,
384 395 498 436 quos
522 379 856 428 consulueram,
882 391 1041 420 omnes
1063 375 1163 430 alijs
1184 375 1516 430 praeferebant.

323 450 502 502 ‘Orauit
523 471 613 508 me,
633 454 671 497 si
689 452 977 509 contingeret
994 452 1144 508 ipsum
1162 457 1414 507 aegrotare,
1435 458 1484 493 vt
1501 450 1565 492 illi
1583 457 1703 494 esset
1718 450 1892 493 substi-

248 543 374 580 tutus
398 537 448 578 P.
473 532 639 585 Miron,
665 531 787 586 quod
824 528 1027 585 probaui.
1071 526 1349 571 Renuntiaui
1385 526 1527 583 igitur
1563 526 1889 583 prouincialem

251 615 298 656 P.
325 611 582 666 Goncalum
606 607 816 659 Vazium,
841 606 888 648 in
910 620 1000 660 quo
1023 603 1308 660 designando
1335 604 1510 646 nullum
1538 605 1670 660 plane
1699 604 1890 647 verbum
1930 609 1941 647 Γ

249 688 335 734 feci
357 689 430 732 vel
453 686 638 743 reginae
660 684 730 727 vel
755 681 987 735 cardinali,
1012 688 1062 723 vt
1083 682 1238 724 darem
1263 680 1519 736 exemplum
1548 680 1892 724 conseruandae
1942 710 1946 734 3

247 772 430 809 nostrae
451 762 688 814 libertatis,
710 760 831 817 quod
848 757 1051 802 intellexi
1067 758 1170 801 157
1193 757 1334 801 fuisse
1351 772 1377 800 a
1394 756 1612 799 cardinali
1628 757 1886 812 probatum.

341 843 485 887 Simul
497 838 756 883 renuntiaui
769 835 1249 893 praepositumdomus
1261 833 1593 890 vlysiponensis
1623 835 1676 876 Ρ.
1695 835 1753 877 D.
1775 835 1890 876 Tor-
1936 861 1938 863 »

251 935 361 973 rem,
387 918 644 962 ministrum
684 918 736 958 P.
780 913 1048 958 Michaelem
1085 913 1142 955 de
1180 912 1310 964 Sosa,
1345 910 1690 954 subministrum
1723 913 1775 953 P.
1803 910 1894 953 Μί-ν
1938 939 1940 942 >

251 998 455 1042 cha'e'lem
481 993 820 1050 Perpinianum‚
849 991 1034 1034 fratrem
1057 989 1197 1033 Petri.

1857 1066 1865 1085 l

343 1076 582 1118 Rectorem
620 1069 798 1126 collegij
839 1066 1185 1111 conimbriensis
1215 1067 1268 1109 P.
1302 1065 1598 1110 Emanuelem
1628 1065 1823 1108 Aluares
1875 1075 1892 1107 ιζ
1934 1081 1939 1117 ¹3

347 1193 456 1237 1:58
921 1201 1129 1241 EUORAE,
1156 1188 1217 1229 2.⁰

343 1307 447 1351 Fuit
469 1305 641 1348 inutilis
663 1304 800 1355 mula,
842 1316 977 1358 quam
1014 1301 1202 1344 dederat
1238 1298 1413 1355 regina.
1447 1299 1558 1340 Eam
1597 1297 1706 1341 emit
1729 1298 1888 1341 eodem
1940 1326 1942 1331 ι

256 1385 407 1442 precio
430 1390 574 1426 mater
596 1380 738 1424 nostri
762 1382 815 1423 P.
842 1380 1056 1422 Andreae
1086 1375 1318 1431 Caruallij,
1350 1382 1395 1419 et
1431 1381 1666 1431 praeterea
1703 1375 1886 1426 mulam,
1940 1379 1944 1415 ζ

251 1464 387 1505 vilem
408 1460 592 1516 quidem
615 1459 753 1510 illam,
786 1457 867 1500 sed
889 1469 1006 1512 quae
1032 1454 1118 1497 fuit
1146 1453 1277 1496 no'bis
1314 1452 1452 1504 Vtilis,
1484 1452 1673 1495 donauit
1705 1449 1770 1509 [?]:
1798 1466 1890 1495 non·
1936 1472 1938 1489 ι

253 1539 391 1583 debui
413 1537 633 1593 accipere,
655 1542 742 1578 etc.
771 1536 951 1578 Mecum
974 1531 1100 1576 venit
1118 1533 1170 1574 Ρ.
1192 1532 1227 1573 F
1230 1529 1463 1573 ranciscus
1482 1528 1706 1573 Henrices
1723 1535 1769 1571 et
1785 1543 1892 1584 pro—
1937 1540 1938 1565 l

256 1615 478 1660 uincialis.
505 1612 700 1658 Visitaui
723 1611 845 1667 quod
867 1617 963 1654 erat
984 1610 999 1630 ²
1033 1608 1272 1663 reliquum.
1305 1605 1535 1662 Respondi
1563 1604 1895 1648 dificultatibus
1938 1632 1939 1636 =

256 1696 292 1737 F
295 1692 486 1737 rancisci
504 1687 908 1745 Henricij,etiamsi
928 1686 1169 1737 dificulter,
1183 1692 1278 1726 tum
1296 1690 1478 1740 propter
1495 1697 1650 1727 earum
1679 1683 1685 1740 Ι
1712 1681 1890 1739 magni-

254 1770 475 1821 tudinem,
518 1775 614 1810 tum
653 1773 837 1822 propter
881 1765 1141 1819 frequentes
1179 1761 1298 1804 illius
1338 1760 1487 1804 Patris
1523 1759 1886 1804 intercessiones..

255 1845 484 1903 Respondi
497 1846 634 1901 longe
645 1843 819 1886 facilius
834 1840 1160 1885 dificultatibus
1173 1838 1322 1882 Patris
1335 1837 1641 1894 prouincialis.
1661 1837 1889 1893 Respondi

251 1921 627 1982 [difficultatibus]
663 1920 859 1976 collegij.
889 1916 1216 1962 Commendaui
1246 1919 1338 1960 M.0
1364 1915 1572 1960 Ferrerio
1602 1922 1650 1957 vt
1673 1929 1888 1970 compen-
1940 1913 1946 1966 f

255 2002 379 2044 dium
397 2000 507 2042 mihi
524 1998 830 2042 conscriberet
846 1997 902 2039 de
920 1994 1121 2038 moribus
1134 1993 1464 2036 haereticorum
1479 1991 1785 2047 antiquorum,
1803 1999 1884 2035 etc.
1940 1978 1946 1987 Α

257 2080 361 2122 Non
381 2077 502 2122 fecit.

342 2154 432 2198 Hic
460 2154 517 2196 ad
545 2152 817 2208 abigendam
848 2149 1100 2192 molestiam
1130 2147 1366 2199 nobilium,
1393 2146 1471 2202 qui
1499 2147 1815 2190 commeabant
1842 2145 1886 2187 in
1941 2180 1942 2184 ,

254 2235 454 2283 hortum,
480 2230 573 2273 dixi
594 2236 643 2272 vt
659 2229 913 2285 deligerent
938 2229 1118 2269 Patrem
1141 2225 1337 2280 aliquem
1361 2224 1618 2280 probatum,
1644 2237 1780 2278 quem
1802 2222 1889 2265 illis
1948 2276 1949 2282 1

253 2309 547 2353 coniunctum
570 2313 822 2357 monerent,
847 2312 897 2346 vt
918 2318 1023 2346 cum
1045 2302 1132 2345 illis
1149 2309 1305 2358 ageret
1327 2302 1384 2344 de
1400 2301 1537 2343 rebus
1559 2299 1882 2356 spiritualibus;

254 2386 331 2443 qui
353 2386 390 2429 si
417 2400 511 2428 non
537 2384 826 2440 proficerent,
858 2387 1016 2437 ageret
1043 2380 1100 2424 de
1129 2378 1295 2422 iudicio
1323 2376 1585 2429 vniuersali,
1611 2378 1667 2420 de
1689 2376 1882 2429 inferno,
1948 2400 1949 2404 =

253 2465 310 2507 de
326 2464 437 2507 159
457 2462 555 2517 alijs
576 2462 713 2505 rebus
737 2457 1027 2509 terribilibus,
1054 2471 1169 2512 quae
1198 2456 1298 2498 illos
1325 2455 1508 2511 abigere
1530 2461 1731 2510 possent;
1764 2454 1883 2509 quod

252 2541 339 2583 illis
361 2539 513 2591 cessit,
534 2554 638 2581 nam
655 2537 912 2580 maluerunt
935 2535 991 2577 ad
1007 2536 1191 2577 hortum
1208 2547 1300 2576 non
1318 2546 1586 2585 commeare,
1607 2546 1741 2587 quam
1759 2530 1883 2573 illum

257 2619 438 2660 Patrem
461 2616 759 2659 disserentem
778 2612 934 2656 audire
952 2613 983 2654 ³.

344 2692 545 2736 Deduxit
566 2707 637 2734 me
660 2693 716 2734 ad
744 2705 883 2732 vnum
907 2696 986 2731 aut
1009 2689 1200 2732 alterum
1224 2687 1409 2730 miliare.
1444 2686 1686 2740 Monitum,
1714 2692 1809 2728 tum
1830 2684 1885 2727 de

330 2898 339 2916 ¹
392 2894 455 2930 Nil
476 2894 515 2929 in
533 2893 599 2928 fol.
625 2901 689 2936 157
712 2905 749 2926 v.
766 2891 953 2937 scripturn
974 2897 1046 2926 est.

325 2957 339 2976 “²
391 2955 480 2997 Ms.,
499 2956 588 2989 erat
606 2952 802 2987 iteratum.

323 3015 338 3034 ³
390 3013 648 3056 SACCH1NUS,
668 3012 742 3046 loc.
768 3010 860 3054 cit.‚
881 3022 918 3045 n.
941 3019 997 3054 29.
