<?xml version="1.0" encoding="UTF-8"?>
<!DOCTYPE html PUBLIC "-//W3C//DTD XHTML 1.0 Transitional//EN"
    "http://www.w3.org/TR/xhtml1/DTD/xhtml1-transitional.dtd">
<html xmlns="http://www.w3.org/1999/xhtml" xml:lang="en" lang="en">
 <head>
  <title>
</title>
<meta http-equiv="Content-Type" content="text/html;charset=utf-8" />
  <meta name='ocr-system' content='tesseract 3.04.00' />
  <meta name='ocr-capabilities' content='ocr_page ocr_carea ocr_par ocr_line ocrx_word'/>
</head>
<body>
  <div class='ocr_page' id='page_1' title='image "./epistolaephieron09nada_0012.png"; bbox 0 0 1958 3210; ppageno 0'>
   <div class='ocr_carea' id='block_1_1' title="bbox 212 211 1380 248">
    <p class='ocr_par' dir='ltr' id='par_1_1' title="bbox 212 211 1380 248">
     <span class='ocr_line' id='line_1_1' title="bbox 212 211 1380 248; baseline -0.006 0"><span class='ocrx_word' id='word_1_1' title='bbox 212 223 251 248; x_wconf 68' lang='lat' dir='ltr'>VI</span> <span class='ocrx_word' id='word_1_2' title='bbox 665 211 916 246; x_wconf 82' lang='lat' dir='ltr'><strong>PROOEMIUM</strong></span> <span class='ocrx_word' id='word_1_3' title='bbox 942 216 1125 244; x_wconf 89' lang='lat' dir='ltr'>SECUNDI</span> <span class='ocrx_word' id='word_1_4' title='bbox 1151 214 1380 243; x_wconf 88' lang='lat' dir='ltr'>VOLUMINIS</span> 
     </span>
    </p>
   </div>
   <div class='ocr_carea' id='block_1_2' title="bbox 207 304 1851 1448">
    <p class='ocr_par' dir='ltr' id='par_1_2' title="bbox 207 304 1847 1058">
     <span class='ocr_line' id='line_1_2' title="bbox 210 304 1843 369; baseline -0.007 -12"><span class='ocrx_word' id='word_1_5' title='bbox 210 315 379 357; x_wconf 83' lang='lat' dir='ltr'>Romae</span> <span class='ocrx_word' id='word_1_6' title='bbox 402 321 506 357; x_wconf 88' lang='lat' dir='ltr'>ante</span> <span class='ocrx_word' id='word_1_7' title='bbox 524 313 712 369; x_wconf 78' lang='lat' dir='ltr'>primam</span> <span class='ocrx_word' id='word_1_8' title='bbox 730 312 988 368; x_wconf 75' lang='lat' dir='ltr'>generalem</span> <span class='ocrx_word' id='word_1_9' title='bbox 1007 308 1411 365; x_wconf 79' lang='lat' dir='ltr'>congregationem</span> <span class='ocrx_word' id='word_1_10' title='bbox 1429 304 1613 357; x_wconf 85' lang='lat' dir='ltr'>exortis,</span> <span class='ocrx_word' id='word_1_11' title='bbox 1634 305 1691 349; x_wconf 91' lang='lat' dir='ltr'>de</span> <span class='ocrx_word' id='word_1_12' title='bbox 1710 304 1843 346; x_wconf 90' lang='lat' dir='ltr'>tertia</span> 
     </span>
     <span class='ocr_line' id='line_1_3' title="bbox 209 380 1843 444; baseline -0.007 -9"><span class='ocrx_word' id='word_1_13' title='bbox 209 390 381 434; x_wconf 89' lang='lat' dir='ltr'>Natalis</span> <span class='ocrx_word' id='word_1_14' title='bbox 405 391 460 432; x_wconf 90' lang='lat' dir='ltr'>ad</span> <span class='ocrx_word' id='word_1_15' title='bbox 479 388 722 444; x_wconf 78' lang='lat' dir='ltr'>Hispanias</span> <span class='ocrx_word' id='word_1_16' title='bbox 739 387 953 431; x_wconf 81' lang='lat' dir='ltr'>missione</span> <span class='ocrx_word' id='word_1_17' title='bbox 970 387 1054 429; x_wconf 86' lang='lat' dir='ltr'>sub</span> <span class='ocrx_word' id='word_1_18' title='bbox 1074 387 1126 428; x_wconf 89' lang='grc' dir='ltr'>Ρ.</span> <span class='ocrx_word' id='word_1_19' title='bbox 1150 385 1332 436; x_wconf 85' lang='lat' dir='ltr'>Lainez,</span> <span class='ocrx_word' id='word_1_20' title='bbox 1352 384 1409 426; x_wconf 91' lang='lat' dir='ltr'>de</span> <span class='ocrx_word' id='word_1_21' title='bbox 1425 382 1637 439; x_wconf 89' lang='lat' dir='ltr'>procellis</span> <span class='ocrx_word' id='word_1_22' title='bbox 1654 381 1700 423; x_wconf 91' lang='lat' dir='ltr'>in</span> <span class='ocrx_word' id='word_1_23' title='bbox 1718 380 1843 423; x_wconf 89' lang='lat' dir='ltr'>curia</span> 
     </span>
     <span class='ocr_line' id='line_1_4' title="bbox 209 457 1842 522; baseline -0.006 -14"><span class='ocrx_word' id='word_1_24' title='bbox 209 466 328 522; x_wconf 87' lang='lat' dir='ltr'>regis</span> <span class='ocrx_word' id='word_1_25' title='bbox 353 465 547 521; x_wconf 89' lang='lat' dir='ltr'>Philippi</span> <span class='ocrx_word' id='word_1_26' title='bbox 570 472 729 507; x_wconf 90' lang='lat' dir='ltr'>contra</span> <span class='ocrx_word' id='word_1_27' title='bbox 753 463 966 519; x_wconf 88' lang='lat' dir='ltr'>Borgiam</span> <span class='ocrx_word' id='word_1_28' title='bbox 990 469 1035 506; x_wconf 93' lang='lat' dir='ltr'>et</span> <span class='ocrx_word' id='word_1_29' title='bbox 1057 462 1263 505; x_wconf 81' lang='lat' dir='ltr'>Natalem</span> <span class='ocrx_word' id='word_1_30' title='bbox 1280 459 1503 512; x_wconf 85' lang='lat' dir='ltr'>excitatis,</span> <span class='ocrx_word' id='word_1_31' title='bbox 1524 460 1672 513; x_wconf 90' lang='lat' dir='ltr'>deque</span> <span class='ocrx_word' id='word_1_32' title='bbox 1688 457 1842 499; x_wconf 87' lang='lat' dir='ltr'>multis</span> 
     </span>
     <span class='ocr_line' id='line_1_5' title="bbox 207 533 1838 597; baseline -0.006 -12"><span class='ocrx_word' id='word_1_33' title='bbox 207 542 320 594; x_wconf 88' lang='lat' dir='ltr'>aliis,</span> <span class='ocrx_word' id='word_1_34' title='bbox 347 549 398 585; x_wconf 91' lang='lat' dir='ltr'>ut</span> <span class='ocrx_word' id='word_1_35' title='bbox 421 541 612 597; x_wconf 90' lang='lat' dir='ltr'>quisque</span> <span class='ocrx_word' id='word_1_36' title='bbox 635 555 714 596; x_wconf 89' lang='lat' dir='ltr'>per</span> <span class='ocrx_word' id='word_1_37' title='bbox 741 539 1035 595; x_wconf 91' lang='lat' dir='ltr'>semetipsum</span> <span class='ocrx_word' id='word_1_38' title='bbox 1064 536 1311 592; x_wconf 89' lang='lat' dir='ltr'>comperire</span> <span class='ocrx_word' id='word_1_39' title='bbox 1341 535 1471 579; x_wconf 86' lang='lat' dir='ltr'>facile</span> <span class='ocrx_word' id='word_1_40' title='bbox 1498 534 1678 591; x_wconf 89' lang='lat' dir='ltr'>poterit,</span> <span class='ocrx_word' id='word_1_41' title='bbox 1709 533 1747 576; x_wconf 92' lang='lat' dir='ltr'>si</span> <span class='ocrx_word' id='word_1_42' title='bbox 1770 549 1838 584; x_wconf 88' lang='lat' dir='ltr'>ea,</span> 
     </span>
     <span class='ocr_line' id='line_1_6' title="bbox 209 611 1843 674; baseline -0.007 -11"><span class='ocrx_word' id='word_1_43' title='bbox 209 634 324 674; x_wconf 89' lang='lat' dir='ltr'>quae</span> <span class='ocrx_word' id='word_1_44' title='bbox 345 618 544 661; x_wconf 88' lang='lat' dir='ltr'>limatius</span> <span class='ocrx_word' id='word_1_45' title='bbox 567 625 612 661; x_wconf 91' lang='lat' dir='ltr'>et</span> <span class='ocrx_word' id='word_1_46' title='bbox 635 616 792 660; x_wconf 87' lang='lat' dir='ltr'>ordine</span> <span class='ocrx_word' id='word_1_47' title='bbox 814 616 1042 659; x_wconf 90' lang='lat' dir='ltr'>interdum</span> <span class='ocrx_word' id='word_1_48' title='bbox 1065 621 1239 656; x_wconf 89' lang='lat' dir='ltr'>mutato</span> <span class='ocrx_word' id='word_1_49' title='bbox 1263 611 1419 655; x_wconf 82' lang='lat' dir='ltr'>scribit</span> <span class='ocrx_word' id='word_1_50' title='bbox 1447 611 1715 663; x_wconf 88' lang='lat' dir='ltr'>Sacchinus,</span> <span class='ocrx_word' id='word_1_51' title='bbox 1739 625 1843 653; x_wconf 89' lang='lat' dir='ltr'>cum</span> 
     </span>
     <span class='ocr_line' id='line_1_7' title="bbox 208 686 1844 752; baseline -0.007 -13"><span class='ocrx_word' id='word_1_52' title='bbox 208 696 315 752; x_wconf 86' lang='lat' dir='ltr'>ipsis</span> <span class='ocrx_word' id='word_1_53' title='bbox 339 695 716 751; x_wconf 71' lang='lat' dir='ltr'>Eplzemeridlbzcs</span> <span class='ocrx_word' id='word_1_54' title='bbox 739 691 1058 748; x_wconf 81' lang='lat' dir='ltr'>composuerit.</span> <span class='ocrx_word' id='word_1_55' title='bbox 1087 691 1224 746; x_wconf 78' lang='lat' dir='ltr'>Quod</span> <span class='ocrx_word' id='word_1_56' title='bbox 1246 697 1296 732; x_wconf 91' lang='lat' dir='ltr'>ut</span> <span class='ocrx_word' id='word_1_57' title='bbox 1326 688 1606 732; x_wconf 80' lang='lat' dir='ltr'>commodius</span> <span class='ocrx_word' id='word_1_58' title='bbox 1628 686 1844 742; x_wconf 88' lang='lat' dir='ltr'>praestari</span> 
     </span>
     <span class='ocr_line' id='line_1_8' title="bbox 211 763 1844 826; baseline -0.007 -11"><span class='ocrx_word' id='word_1_59' title='bbox 211 774 373 826; x_wconf 87' lang='lat' dir='ltr'>valeat,</span> <span class='ocrx_word' id='word_1_60' title='bbox 398 774 498 815; x_wconf 88' lang='lat' dir='ltr'>loca</span> <span class='ocrx_word' id='word_1_61' title='bbox 527 771 757 815; x_wconf 81' lang='lat' dir='ltr'>Historiae</span> <span class='ocrx_word' id='word_1_62' title='bbox 784 768 1041 820; x_wconf 79' lang='lat' dir='ltr'>Societatis‚</span> <span class='ocrx_word' id='word_1_63' title='bbox 1074 782 1190 823; x_wconf 89' lang='lat' dir='ltr'>quae</span> <span class='ocrx_word' id='word_1_64' title='bbox 1217 782 1274 810; x_wconf 86' lang='lat' dir='ltr'>ex</span> <span class='ocrx_word' id='word_1_65' title='bbox 1301 768 1463 808; x_wconf 90' lang='lat' dir='ltr'>horum</span> <span class='ocrx_word' id='word_1_66' title='bbox 1492 763 1844 807; x_wconf 91' lang='lat' dir='ltr'>commentario-</span> 
     </span>
     <span class='ocr_line' id='line_1_9' title="bbox 212 840 1845 905; baseline -0.007 -12"><span class='ocrx_word' id='word_1_67' title='bbox 212 866 310 893; x_wconf 90' lang='lat' dir='ltr'>rum</span> <span class='ocrx_word' id='word_1_68' title='bbox 334 852 459 894; x_wconf 85' lang='lat' dir='ltr'>fonte</span> <span class='ocrx_word' id='word_1_69' title='bbox 481 850 746 905; x_wconf 89' lang='lat' dir='ltr'>deprompta</span> <span class='ocrx_word' id='word_1_70' title='bbox 768 847 998 898; x_wconf 87' lang='lat' dir='ltr'>videntur,</span> <span class='ocrx_word' id='word_1_71' title='bbox 1024 845 1071 887; x_wconf 90' lang='lat' dir='ltr'>in</span> <span class='ocrx_word' id='word_1_72' title='bbox 1100 842 1470 887; x_wconf 86' lang='lat' dir='ltr'>annotationibus</span> <span class='ocrx_word' id='word_1_73' title='bbox 1493 840 1659 884; x_wconf 90' lang='lat' dir='ltr'>nostris</span> <span class='ocrx_word' id='word_1_74' title='bbox 1681 854 1845 896; x_wconf 83' lang='lat' dir='ltr'>oppor—</span> 
     </span>
     <span class='ocr_line' id='line_1_10' title="bbox 214 917 1847 979; baseline -0.007 -8"><span class='ocrx_word' id='word_1_75' title='bbox 214 937 322 971; x_wconf 85' lang='lat' dir='ltr'>tune</span> <span class='ocrx_word' id='word_1_76' title='bbox 345 926 662 979; x_wconf 83' lang='lat' dir='ltr'>indicabimus3</span> <span class='ocrx_word' id='word_1_77' title='bbox 685 926 806 968; x_wconf 86' lang='lat' dir='ltr'>unde</span> <span class='ocrx_word' id='word_1_78' title='bbox 828 923 963 966; x_wconf 88' lang='lat' dir='ltr'>etiam</span> <span class='ocrx_word' id='word_1_79' title='bbox 986 922 1162 965; x_wconf 88' lang='lat' dir='ltr'>facilius</span> <span class='ocrx_word' id='word_1_80' title='bbox 1191 921 1474 977; x_wconf 90' lang='lat' dir='ltr'>apparebunt</span> <span class='ocrx_word' id='word_1_81' title='bbox 1502 933 1570 969; x_wconf 89' lang='lat' dir='ltr'>ea,</span> <span class='ocrx_word' id='word_1_82' title='bbox 1597 931 1712 972; x_wconf 90' lang='lat' dir='ltr'>quae</span> <span class='ocrx_word' id='word_1_83' title='bbox 1735 917 1847 960; x_wconf 87' lang='lat' dir='ltr'>Sac-</span> 
     </span>
     <span class='ocr_line' id='line_1_11' title="bbox 214 997 1329 1058; baseline -0.009 -9"><span class='ocrx_word' id='word_1_84' title='bbox 214 1005 375 1049; x_wconf 91' lang='lat' dir='ltr'>chinus</span> <span class='ocrx_word' id='word_1_85' title='bbox 400 1004 565 1048; x_wconf 89' lang='lat' dir='ltr'>futuris</span> <span class='ocrx_word' id='word_1_86' title='bbox 585 1002 882 1058; x_wconf 86' lang='lat' dir='ltr'>scriptoribus</span> <span class='ocrx_word' id='word_1_87' title='bbox 904 1000 1114 1043; x_wconf 90' lang='lat' dir='ltr'>metenda</span> <span class='ocrx_word' id='word_1_88' title='bbox 1135 997 1329 1053; x_wconf 88' lang='lat' dir='ltr'>reliquit.</span> 
     </span>
    </p>

    <p class='ocr_par' dir='ltr' id='par_1_3' title="bbox 215 1074 1851 1448">
     <span class='ocr_line' id='line_1_12' title="bbox 304 1074 1844 1137; baseline -0.009 -11"><span class='ocrx_word' id='word_1_89' title='bbox 304 1085 445 1126; x_wconf 90' lang='lat' dir='ltr'>Porro</span> <span class='ocrx_word' id='word_1_90' title='bbox 475 1081 571 1137; x_wconf 90' lang='lat' dir='ltr'>ipse</span> <span class='ocrx_word' id='word_1_91' title='bbox 601 1079 854 1125; x_wconf 88' lang='lat' dir='ltr'>Sacchinus</span> <span class='ocrx_word' id='word_1_92' title='bbox 889 1079 945 1121; x_wconf 92' lang='lat' dir='ltr'>de</span> <span class='ocrx_word' id='word_1_93' title='bbox 979 1076 1104 1120; x_wconf 91' lang='lat' dir='ltr'>hisce</span> <span class='ocrx_word' id='word_1_94' title='bbox 1139 1074 1539 1132; x_wconf 68' lang='lat' dir='ltr'>Efflaemeridibus,</span> <span class='ocrx_word' id='word_1_95' title='bbox 1570 1078 1748 1128; x_wconf 90' lang='lat' dir='ltr'>praeter</span> <span class='ocrx_word' id='word_1_96' title='bbox 1776 1085 1844 1121; x_wconf 87' lang='lat' dir='ltr'>ea,</span> 
     </span>
     <span class='ocr_line' id='line_1_13' title="bbox 215 1148 1850 1217; baseline -0.01 -13"><span class='ocrx_word' id='word_1_97' title='bbox 215 1175 330 1217; x_wconf 87' lang='lat' dir='ltr'>quae</span> <span class='ocrx_word' id='word_1_98' title='bbox 353 1158 625 1216; x_wconf 88' lang='lat' dir='ltr'>generaliter</span> <span class='ocrx_word' id='word_1_99' title='bbox 646 1158 704 1201; x_wconf 92' lang='lat' dir='ltr'>de</span> <span class='ocrx_word' id='word_1_100' title='bbox 721 1156 931 1199; x_wconf 90' lang='lat' dir='ltr'>omnibus</span> <span class='ocrx_word' id='word_1_101' title='bbox 948 1153 1122 1198; x_wconf 90' lang='lat' dir='ltr'>Natalis</span> <span class='ocrx_word' id='word_1_102' title='bbox 1139 1151 1473 1196; x_wconf 88' lang='lat' dir='ltr'>commentariis</span> <span class='ocrx_word' id='word_1_103' title='bbox 1491 1148 1685 1204; x_wconf 89' lang='lat' dir='ltr'>scripsit,</span> <span class='ocrx_word' id='word_1_104' title='bbox 1705 1154 1750 1190; x_wconf 89' lang='lat' dir='ltr'>et</span> <span class='ocrx_word' id='word_1_105' title='bbox 1767 1161 1850 1189; x_wconf 88' lang='lat' dir='ltr'>nos</span> 
     </span>
     <span class='ocr_line' id='line_1_14' title="bbox 216 1223 1848 1295; baseline -0.01 -13"><span class='ocrx_word' id='word_1_106' title='bbox 216 1236 512 1295; x_wconf 83' lang='lat' dir='ltr'>allegavimus</span> <span class='ocrx_word' id='word_1_107' title='bbox 535 1235 581 1277; x_wconf 90' lang='lat' dir='ltr'>in</span> <span class='ocrx_word' id='word_1_108' title='bbox 611 1243 732 1277; x_wconf 89' lang='lat' dir='ltr'>tomo</span> <span class='ocrx_word' id='word_1_109' title='bbox 762 1235 796 1286; x_wconf 91' lang='lat' dir='ltr'>I,</span> <span class='ocrx_word' id='word_1_110' title='bbox 827 1248 933 1289; x_wconf 88' lang='lat' dir='ltr'>pag.</span> <span class='ocrx_word' id='word_1_111' title='bbox 968 1246 1054 1283; x_wconf 85' lang='lat' dir='ltr'>XII,</span> <span class='ocrx_word' id='word_1_112' title='bbox 1080 1233 1198 1273; x_wconf 90' lang='lat' dir='ltr'>hanc</span> <span class='ocrx_word' id='word_1_113' title='bbox 1229 1229 1360 1272; x_wconf 91' lang='lat' dir='ltr'>nobis</span> <span class='ocrx_word' id='word_1_114' title='bbox 1386 1229 1567 1271; x_wconf 92' lang='lat' dir='ltr'>laudem</span> <span class='ocrx_word' id='word_1_115' title='bbox 1589 1225 1636 1268; x_wconf 90' lang='lat' dir='ltr'>in</span> <span class='ocrx_word' id='word_1_116' title='bbox 1658 1240 1741 1268; x_wconf 92' lang='lat' dir='ltr'>sua</span> <span class='ocrx_word' id='word_1_117' title='bbox 1763 1223 1848 1267; x_wconf 81' lang='lat' dir='ltr'>Hi-</span> 
     </span>
     <span class='ocr_line' id='line_1_15' title="bbox 217 1302 1850 1366; baseline -0.009 -8"><span class='ocrx_word' id='word_1_118' title='bbox 217 1315 353 1359; x_wconf 83' lang='lat' dir='ltr'>storia</span> <span class='ocrx_word' id='word_1_119' title='bbox 370 1312 632 1357; x_wconf 89' lang='lat' dir='ltr'>transmisit:</span> <span class='ocrx_word' id='word_1_120' title='bbox 653 1311 861 1366; x_wconf 86' lang='lat' dir='ltr'>«quibus,</span> <span class='ocrx_word' id='word_1_121' title='bbox 876 1309 1038 1364; x_wconf 84' lang='lat' dir='ltr'>inquit,</span> <span class='ocrx_word' id='word_1_122' title='bbox 1054 1308 1176 1350; x_wconf 89' lang='lat' dir='ltr'>haud</span> <span class='ocrx_word' id='word_1_123' title='bbox 1188 1306 1319 1350; x_wconf 88' lang='lat' dir='ltr'>facile</span> <span class='ocrx_word' id='word_1_124' title='bbox 1334 1305 1580 1360; x_wconf 89' lang='lat' dir='ltr'>quidquam</span> <span class='ocrx_word' id='word_1_125' title='bbox 1595 1302 1730 1345; x_wconf 90' lang='lat' dir='ltr'>scribi</span> <span class='ocrx_word' id='word_1_126' title='bbox 1741 1315 1850 1344; x_wconf 89' lang='lat' dir='ltr'>can-</span> 
     </span>
     <span class='ocr_line' id='line_1_16' title="bbox 217 1384 1851 1448; baseline -0.01 -12"><span class='ocrx_word' id='word_1_127' title='bbox 217 1392 366 1436; x_wconf 89' lang='lat' dir='ltr'>didius</span> <span class='ocrx_word' id='word_1_128' title='bbox 389 1398 538 1448; x_wconf 84' lang='lat' dir='ltr'>potest</span> <span class='ocrx_word' id='word_1_129' title='bbox 564 1392 622 1432; x_wconf 88' lang='lat'>¹.»</span> <span class='ocrx_word' id='word_1_130' title='bbox 651 1391 707 1431; x_wconf 90' lang='lat' dir='ltr'>Et</span> <span class='ocrx_word' id='word_1_131' title='bbox 729 1403 777 1431; x_wconf 89' lang='lat' dir='ltr'>re</span> <span class='ocrx_word' id='word_1_132' title='bbox 800 1387 983 1442; x_wconf 88' lang='lat' dir='ltr'>quidem</span> <span class='ocrx_word' id='word_1_133' title='bbox 1006 1400 1114 1428; x_wconf 89' lang='lat' dir='ltr'>vera</span> <span class='ocrx_word' id='word_1_134' title='bbox 1137 1384 1412 1440; x_wconf 90' lang='lat' dir='ltr'>quicumque</span> <span class='ocrx_word' id='word_1_135' title='bbox 1439 1385 1551 1424; x_wconf 92' lang='lat' dir='ltr'>haec</span> <span class='ocrx_word' id='word_1_136' title='bbox 1568 1385 1851 1423; x_wconf 90' lang='lat' dir='ltr'>commenta—</span> 
     </span>
    </p>
   </div>
   <div class='ocr_carea' id='block_1_3' title="bbox 220 1455 1918 1525">
    <p class='ocr_par' dir='ltr' id='par_1_4' title="bbox 220 1455 1918 1525">
     <span class='ocr_line' id='line_1_17' title="bbox 220 1455 1918 1525; baseline -0.009 -13"><span class='ocrx_word' id='word_1_137' title='bbox 220 1471 283 1513; x_wconf 88' lang='lat' dir='ltr'>ria</span> <span class='ocrx_word' id='word_1_138' title='bbox 306 1469 526 1525; x_wconf 84' lang='lat' dir='ltr'>perlegat,</span> <span class='ocrx_word' id='word_1_139' title='bbox 547 1469 665 1510; x_wconf 91' lang='lat' dir='ltr'>hanc</span> <span class='ocrx_word' id='word_1_140' title='bbox 683 1464 834 1508; x_wconf 85' lang='lat' dir='ltr'>Natali</span> <span class='ocrx_word' id='word_1_141' title='bbox 852 1464 1031 1507; x_wconf 89' lang='lat' dir='ltr'>laudem</span> <span class='ocrx_word' id='word_1_142' title='bbox 1049 1463 1303 1506; x_wconf 85' lang='lat' dir='ltr'>detrectare</span> <span class='ocrx_word' id='word_1_143' title='bbox 1325 1458 1508 1501; x_wconf 89' lang='lat' dir='ltr'>minime</span> <span class='ocrx_word' id='word_1_144' title='bbox 1530 1456 1710 1513; x_wconf 89' lang='lat' dir='ltr'>poterit,</span> <span class='ocrx_word' id='word_1_145' title='bbox 1730 1455 1852 1510; x_wconf 90' lang='lat' dir='ltr'>quod</span> <span class='ocrx_word' id='word_1_146' title='bbox 1916 1484 1918 1486; x_wconf 94' lang='lat'>-</span> 
     </span>
    </p>
   </div>
   <div class='ocr_carea' id='block_1_4' title="bbox 220 1532 1881 2912">
    <p class='ocr_par' dir='ltr' id='par_1_5' title="bbox 220 1532 1881 1908">
     <span class='ocr_line' id='line_1_18' title="bbox 220 1532 1853 1602; baseline -0.01 -12"><span class='ocrx_word' id='word_1_147' title='bbox 220 1560 381 1602; x_wconf 87' lang='lat' dir='ltr'>nempe</span> <span class='ocrx_word' id='word_1_148' title='bbox 404 1553 508 1588; x_wconf 89' lang='lat' dir='ltr'>ante</span> <span class='ocrx_word' id='word_1_149' title='bbox 530 1543 682 1587; x_wconf 91' lang='lat' dir='ltr'>omnia</span> <span class='ocrx_word' id='word_1_150' title='bbox 703 1541 939 1586; x_wconf 89' lang='lat' dir='ltr'>veritatem</span> <span class='ocrx_word' id='word_1_151' title='bbox 963 1545 1268 1590; x_wconf 92' lang='lat' dir='ltr'>consectetur,</span> <span class='ocrx_word' id='word_1_152' title='bbox 1290 1550 1481 1591; x_wconf 90' lang='lat' dir='ltr'>eamque</span> <span class='ocrx_word' id='word_1_153' title='bbox 1498 1536 1683 1586; x_wconf 91' lang='lat' dir='ltr'>nudam,</span> <span class='ocrx_word' id='word_1_154' title='bbox 1705 1532 1853 1575; x_wconf 94' lang='lat' dir='ltr'>nullo—</span> 
     </span>
     <span class='ocr_line' id='line_1_19' title="bbox 221 1608 1855 1680; baseline -0.011 -12"><span class='ocrx_word' id='word_1_155' title='bbox 221 1640 310 1680; x_wconf 89' lang='lat' dir='ltr'>que</span> <span class='ocrx_word' id='word_1_156' title='bbox 332 1623 575 1666; x_wconf 87' lang='lat' dir='ltr'>verborum</span> <span class='ocrx_word' id='word_1_157' title='bbox 600 1622 703 1663; x_wconf 87' lang='lat' dir='ltr'>fuco</span> <span class='ocrx_word' id='word_1_158' title='bbox 725 1618 915 1671; x_wconf 87' lang='lat' dir='ltr'>linitam,</span> <span class='ocrx_word' id='word_1_159' title='bbox 949 1616 1200 1672; x_wconf 84' lang='lat' dir='ltr'>exprimere</span> <span class='ocrx_word' id='word_1_160' title='bbox 1223 1613 1465 1664; x_wconf 87' lang='lat' dir='ltr'>curaverit,</span> <span class='ocrx_word' id='word_1_161' title='bbox 1491 1626 1586 1654; x_wconf 93' lang='lat' dir='ltr'>non</span> <span class='ocrx_word' id='word_1_162' title='bbox 1608 1617 1785 1653; x_wconf 89' lang='lat' dir='ltr'>tantum</span> <span class='ocrx_word' id='word_1_163' title='bbox 1807 1608 1855 1650; x_wconf 91' lang='lat' dir='ltr'>in</span> 
     </span>
     <span class='ocr_line' id='line_1_20' title="bbox 224 1686 1857 1756; baseline -0.01 -13"><span class='ocrx_word' id='word_1_164' title='bbox 224 1703 358 1746; x_wconf 85' lang='lat' dir='ltr'>rebus</span> <span class='ocrx_word' id='word_1_165' title='bbox 381 1698 606 1756; x_wconf 88' lang='lat' dir='ltr'>prosperis</span> <span class='ocrx_word' id='word_1_166' title='bbox 628 1703 842 1752; x_wconf 90' lang='lat' dir='ltr'>recteque</span> <span class='ocrx_word' id='word_1_167' title='bbox 863 1694 1022 1751; x_wconf 88' lang='lat' dir='ltr'>gestis,</span> <span class='ocrx_word' id='word_1_168' title='bbox 1047 1708 1206 1737; x_wconf 90' lang='lat' dir='ltr'>verum</span> <span class='ocrx_word' id='word_1_169' title='bbox 1227 1691 1362 1735; x_wconf 91' lang='lat' dir='ltr'>etiam</span> <span class='ocrx_word' id='word_1_170' title='bbox 1384 1690 1431 1732; x_wconf 92' lang='lat' dir='ltr'>in</span> <span class='ocrx_word' id='word_1_171' title='bbox 1453 1687 1670 1739; x_wconf 86' lang='lat' dir='ltr'>adversis,</span> <span class='ocrx_word' id='word_1_172' title='bbox 1696 1686 1857 1728; x_wconf 37' lang='lat' dir='ltr'>etiam*</span> 
     </span>
     <span class='ocr_line' id='line_1_21' title="bbox 224 1758 1881 1834; baseline -0.011 -13"><span class='ocrx_word' id='word_1_173' title='bbox 224 1792 313 1834; x_wconf 89' lang='lat' dir='ltr'>que</span> <span class='ocrx_word' id='word_1_174' title='bbox 335 1778 380 1820; x_wconf 91' lang='lat' dir='ltr'>in</span> <span class='ocrx_word' id='word_1_175' title='bbox 402 1775 593 1833; x_wconf 90' lang='lat' dir='ltr'>propriis</span> <span class='ocrx_word' id='word_1_176' title='bbox 616 1774 688 1817; x_wconf 92' lang='lat' dir='ltr'>vel</span> <span class='ocrx_word' id='word_1_177' title='bbox 710 1772 868 1816; x_wconf 88' lang='lat' dir='ltr'>alienis</span> <span class='ocrx_word' id='word_1_178' title='bbox 890 1770 1160 1821; x_wconf 77' lang='lat' dir='ltr'>defectibus,</span> <span class='ocrx_word' id='word_1_179' title='bbox 1187 1768 1264 1812; x_wconf 91' lang='lat' dir='ltr'>ubi</span> <span class='ocrx_word' id='word_1_180' title='bbox 1285 1767 1452 1811; x_wconf 90' lang='lat' dir='ltr'>veritas</span> <span class='ocrx_word' id='word_1_181' title='bbox 1473 1765 1685 1808; x_wconf 90' lang='lat' dir='ltr'>historiae</span> <span class='ocrx_word' id='word_1_182' title='bbox 1707 1763 1753 1804; x_wconf 91' lang='lat' dir='ltr'>id</span> <span class='ocrx_word' id='word_1_183' title='bbox 1775 1758 1881 1818; x_wconf 77' lang='lat' dir='ltr'>po—&#39;</span> 
     </span>
     <span class='ocr_line' id='line_1_22' title="bbox 225 1843 1509 1908; baseline -0.011 -10"><span class='ocrx_word' id='word_1_184' title='bbox 225 1856 380 1908; x_wconf 86' lang='lat' dir='ltr'>stulat,</span> <span class='ocrx_word' id='word_1_185' title='bbox 406 1867 583 1897; x_wconf 88' lang='lat' dir='ltr'>summa</span> <span class='ocrx_word' id='word_1_186' title='bbox 605 1850 890 1907; x_wconf 88' lang='lat' dir='ltr'>ingenuitate</span> <span class='ocrx_word' id='word_1_187' title='bbox 912 1855 957 1892; x_wconf 92' lang='lat' dir='ltr'>et</span> <span class='ocrx_word' id='word_1_188' title='bbox 979 1846 1209 1902; x_wconf 88' lang='lat' dir='ltr'>aequitate</span> <span class='ocrx_word' id='word_1_189' title='bbox 1231 1843 1509 1888; x_wconf 88' lang='lat' dir='ltr'>enarrandis.</span> 
     </span>
    </p>

    <p class='ocr_par' dir='ltr' id='par_1_6' title="bbox 231 1917 1872 2912">
     <span class='ocr_line' id='line_1_23' title="bbox 318 1917 1859 1986; baseline -0.01 -12"><span class='ocrx_word' id='word_1_190' title='bbox 318 1931 405 1986; x_wconf 91' lang='lat' dir='ltr'>Maj</span> <span class='ocrx_word' id='word_1_191' title='bbox 414 1945 465 1973; x_wconf 88' lang='lat' dir='ltr'>us</span> <span class='ocrx_word' id='word_1_192' title='bbox 488 1930 672 1984; x_wconf 88' lang='lat' dir='ltr'>insuper</span> <span class='ocrx_word' id='word_1_193' title='bbox 695 1932 976 1970; x_wconf 87' lang='lat' dir='ltr'>momentum</span> <span class='ocrx_word' id='word_1_194' title='bbox 1000 1924 1124 1967; x_wconf 85' lang='lat' dir='ltr'>hisce</span> <span class='ocrx_word' id='word_1_195' title='bbox 1147 1919 1481 1966; x_wconf 87' lang='lat' dir='ltr'>commentariis</span> <span class='ocrx_word' id='word_1_196' title='bbox 1511 1917 1702 1971; x_wconf 88' lang='lat' dir='ltr'>accedit,</span> <span class='ocrx_word' id='word_1_197' title='bbox 1728 1931 1784 1960; x_wconf 87' lang='lat' dir='ltr'>ex</span> <span class='ocrx_word' id='word_1_198' title='bbox 1806 1928 1859 1958; x_wconf 89' lang='lat' dir='ltr'>eo</span> 
     </span>
     <span class='ocr_line' id='line_1_24' title="bbox 231 1993 1861 2064; baseline -0.011 -12"><span class='ocrx_word' id='word_1_199' title='bbox 231 2009 351 2064; x_wconf 82' lang='lat' dir='ltr'>quod</span> <span class='ocrx_word' id='word_1_200' title='bbox 373 2007 573 2064; x_wconf 85' lang='lat' dir='ltr'>ipsorum</span> <span class='ocrx_word' id='word_1_201' title='bbox 596 2005 802 2060; x_wconf 89' lang='lat' dir='ltr'>scriptor,</span> <span class='ocrx_word' id='word_1_202' title='bbox 828 2010 952 2045; x_wconf 89' lang='lat' dir='ltr'>actor</span> <span class='ocrx_word' id='word_1_203' title='bbox 976 2009 1026 2043; x_wconf 89' lang='lat' dir='ltr'>ut</span> <span class='ocrx_word' id='word_1_204' title='bbox 1057 2000 1300 2057; x_wconf 90' lang='lat' dir='ltr'>plurimum</span> <span class='ocrx_word' id='word_1_205' title='bbox 1330 1997 1430 2050; x_wconf 86' lang='lat' dir='ltr'>fuit,</span> <span class='ocrx_word' id='word_1_206' title='bbox 1456 1997 1528 2040; x_wconf 92' lang='lat' dir='ltr'>vel</span> <span class='ocrx_word' id='word_1_207' title='bbox 1558 1994 1684 2038; x_wconf 91' lang='lat' dir='ltr'>testis</span> <span class='ocrx_word' id='word_1_208' title='bbox 1707 1993 1861 2036; x_wconf 79' lang='lat' dir='ltr'>ocula—</span> 
     </span>
     <span class='ocr_line' id='line_1_25' title="bbox 234 2070 1862 2139; baseline -0.011 -10"><span class='ocrx_word' id='word_1_209' title='bbox 234 2094 306 2129; x_wconf 86' lang='lat' dir='ltr'>tus</span> <span class='ocrx_word' id='word_1_210' title='bbox 329 2099 495 2136; x_wconf 86' lang='lat' dir='ltr'>rerum,</span> <span class='ocrx_word' id='word_1_211' title='bbox 522 2097 637 2139; x_wconf 91' lang='lat' dir='ltr'>quae</span> <span class='ocrx_word' id='word_1_212' title='bbox 660 2088 943 2132; x_wconf 89' lang='lat' dir='ltr'>enarrantur;</span> <span class='ocrx_word' id='word_1_213' title='bbox 971 2078 1048 2134; x_wconf 92' lang='lat' dir='ltr'>qui</span> <span class='ocrx_word' id='word_1_214' title='bbox 1071 2084 1193 2122; x_wconf 91' lang='lat' dir='ltr'>certe</span> <span class='ocrx_word' id='word_1_215' title='bbox 1215 2092 1287 2120; x_wconf 88' lang='lat' dir='ltr'>res</span> <span class='ocrx_word' id='word_1_216' title='bbox 1310 2083 1355 2120; x_wconf 92' lang='lat' dir='ltr'>et</span> <span class='ocrx_word' id='word_1_217' title='bbox 1372 2088 1603 2130; x_wconf 88' lang='lat' dir='ltr'>personas,</span> <span class='ocrx_word' id='word_1_218' title='bbox 1625 2072 1682 2116; x_wconf 90' lang='lat' dir='ltr'>de</span> <span class='ocrx_word' id='word_1_219' title='bbox 1697 2070 1862 2126; x_wconf 88' lang='lat' dir='ltr'>quibus</span> 
     </span>
     <span class='ocr_line' id='line_1_26' title="bbox 232 2151 1864 2218; baseline -0.01 -12"><span class='ocrx_word' id='word_1_220' title='bbox 232 2162 403 2216; x_wconf 88' lang='lat' dir='ltr'>scribit,</span> <span class='ocrx_word' id='word_1_221' title='bbox 430 2160 625 2218; x_wconf 85' lang='lat' dir='ltr'>penitius</span> <span class='ocrx_word' id='word_1_222' title='bbox 653 2158 842 2202; x_wconf 90' lang='lat' dir='ltr'>caeteris</span> <span class='ocrx_word' id='word_1_223' title='bbox 865 2157 1189 2213; x_wconf 88' lang='lat' dir='ltr'>cognoscebat,</span> <span class='ocrx_word' id='word_1_224' title='bbox 1222 2153 1406 2210; x_wconf 89' lang='lat' dir='ltr'>quique,</span> <span class='ocrx_word' id='word_1_225' title='bbox 1432 2151 1470 2194; x_wconf 90' lang='lat' dir='ltr'>si</span> <span class='ocrx_word' id='word_1_226' title='bbox 1492 2165 1583 2193; x_wconf 92' lang='lat' dir='ltr'>non</span> <span class='ocrx_word' id='word_1_227' title='bbox 1599 2162 1791 2204; x_wconf 89' lang='lat' dir='ltr'>semper,</span> <span class='ocrx_word' id='word_1_228' title='bbox 1818 2154 1864 2189; x_wconf 92' lang='lat' dir='ltr'>at</span> 
     </span>
     <span class='ocr_line' id='line_1_27' title="bbox 235 2231 1864 2293; baseline -0.01 -10"><span class='ocrx_word' id='word_1_229' title='bbox 235 2241 394 2284; x_wconf 74' lang='lat' dir='ltr'>saltem</span> <span class='ocrx_word' id='word_1_230' title='bbox 419 2239 676 2293; x_wconf 87' lang='lat' dir='ltr'>frequenter</span> <span class='ocrx_word' id='word_1_231' title='bbox 700 2251 782 2278; x_wconf 88' lang='lat' dir='ltr'>sua</span> <span class='ocrx_word' id='word_1_232' title='bbox 804 2232 1124 2277; x_wconf 84' lang='lat' dir='ltr'>commentaria</span> <span class='ocrx_word' id='word_1_233' title='bbox 1147 2231 1194 2274; x_wconf 89' lang='lat' dir='ltr'>in</span> <span class='ocrx_word' id='word_1_234' title='bbox 1216 2231 1314 2286; x_wconf 92' lang='lat' dir='ltr'>ipso</span> <span class='ocrx_word' id='word_1_235' title='bbox 1336 2231 1435 2272; x_wconf 94' lang='lat' dir='ltr'>loco</span> <span class='ocrx_word' id='word_1_236' title='bbox 1463 2234 1509 2271; x_wconf 91' lang='lat' dir='ltr'>et</span> <span class='ocrx_word' id='word_1_237' title='bbox 1531 2235 1747 2282; x_wconf 89' lang='lat' dir='ltr'>tempore,</span> <span class='ocrx_word' id='word_1_238' title='bbox 1775 2239 1864 2279; x_wconf 94' lang='lat' dir='ltr'>quo</span> 
     </span>
     <span class='ocr_line' id='line_1_28' title="bbox 240 2303 1865 2373; baseline -0.01 -14"><span class='ocrx_word' id='word_1_239' title='bbox 240 2333 310 2362; x_wconf 88' lang='lat' dir='ltr'>res</span> <span class='ocrx_word' id='word_1_240' title='bbox 333 2317 627 2373; x_wconf 86' lang='lat' dir='ltr'>gerebantur,</span> <span class='ocrx_word' id='word_1_241' title='bbox 648 2311 971 2369; x_wconf 87' lang='lat' dir='ltr'>perscribebat.</span> <span class='ocrx_word' id='word_1_242' title='bbox 998 2312 1288 2366; x_wconf 73' lang='lat' dir='ltr'>Quapropter</span> <span class='ocrx_word' id='word_1_243' title='bbox 1310 2319 1549 2351; x_wconf 90' lang='lat' dir='ltr'>necessum</span> <span class='ocrx_word' id='word_1_244' title='bbox 1572 2310 1668 2347; x_wconf 91' lang='lat' dir='ltr'>erat</span> <span class='ocrx_word' id='word_1_245' title='bbox 1691 2305 1771 2345; x_wconf 91' lang='lat' dir='ltr'>has</span> <span class='ocrx_word' id='word_1_246' title='bbox 1794 2303 1865 2343; x_wconf 83' lang='lat' dir='ltr'>lu-</span> 
     </span>
     <span class='ocr_line' id='line_1_29' title="bbox 237 2378 1866 2444; baseline -0.01 -7"><span class='ocrx_word' id='word_1_247' title='bbox 237 2393 525 2437; x_wconf 88' lang='lat' dir='ltr'>cubrationes</span> <span class='ocrx_word' id='word_1_248' title='bbox 536 2389 775 2435; x_wconf 88' lang='lat' dir='ltr'>subcisivis</span> <span class='ocrx_word' id='word_1_249' title='bbox 791 2387 1010 2444; x_wconf 84' lang='lat' dir='ltr'>temporib</span> <span class='ocrx_word' id='word_1_250' title='bbox 1018 2402 1067 2430; x_wconf 90' lang='lat' dir='ltr'>us</span> <span class='ocrx_word' id='word_1_251' title='bbox 1081 2385 1245 2442; x_wconf 88' lang='lat' dir='ltr'>raptim</span> <span class='ocrx_word' id='word_1_252' title='bbox 1260 2391 1305 2429; x_wconf 90' lang='lat' dir='ltr'>et</span> <span class='ocrx_word' id='word_1_253' title='bbox 1319 2383 1606 2428; x_wconf 90' lang='lat' dir='ltr'>inemendate</span> <span class='ocrx_word' id='word_1_254' title='bbox 1620 2378 1866 2424; x_wconf 89' lang='lat' dir='ltr'>conficien-</span> 
     </span>
     <span class='ocr_line' id='line_1_30' title="bbox 238 2457 1868 2522; baseline -0.01 -7"><span class='ocrx_word' id='word_1_255' title='bbox 238 2474 317 2515; x_wconf 92' lang='lat' dir='ltr'>das</span> <span class='ocrx_word' id='word_1_256' title='bbox 342 2471 496 2522; x_wconf 84' lang='lat' dir='ltr'>fuisse,</span> <span class='ocrx_word' id='word_1_257' title='bbox 523 2475 572 2511; x_wconf 90' lang='lat' dir='ltr'>ut</span> <span class='ocrx_word' id='word_1_258' title='bbox 595 2467 738 2511; x_wconf 89' lang='lat' dir='ltr'>cuivis</span> <span class='ocrx_word' id='word_1_259' title='bbox 761 2466 859 2508; x_wconf 88' lang='lat' dir='ltr'>illas</span> <span class='ocrx_word' id='word_1_260' title='bbox 882 2463 1185 2521; x_wconf 87' lang='lat' dir='ltr'>pervolutanti</span> <span class='ocrx_word' id='word_1_261' title='bbox 1213 2461 1356 2518; x_wconf 89' lang='lat' dir='ltr'>prima</span> <span class='ocrx_word' id='word_1_262' title='bbox 1384 2461 1531 2503; x_wconf 83' lang='lat' dir='ltr'>fronte</span> <span class='ocrx_word' id='word_1_263' title='bbox 1558 2457 1744 2515; x_wconf 80' lang='lat' dir='ltr'>patebit,</span> <span class='ocrx_word' id='word_1_264' title='bbox 1772 2457 1868 2499; x_wconf 91' lang='lat' dir='ltr'>Nec</span> 
     </span>
     <span class='ocr_line' id='line_1_31' title="bbox 238 2535 1868 2599; baseline -0.012 -6"><span class='ocrx_word' id='word_1_265' title='bbox 238 2557 389 2594; x_wconf 89' lang='lat' dir='ltr'>tamen</span> <span class='ocrx_word' id='word_1_266' title='bbox 411 2547 513 2590; x_wconf 91' lang='lat' dir='ltr'>ideo</span> <span class='ocrx_word' id='word_1_267' title='bbox 538 2544 721 2589; x_wconf 90' lang='lat' dir='ltr'>minoris</span> <span class='ocrx_word' id='word_1_268' title='bbox 744 2542 875 2599; x_wconf 90' lang='lat' dir='ltr'>pretii</span> <span class='ocrx_word' id='word_1_269' title='bbox 899 2557 978 2598; x_wconf 93' lang='lat' dir='ltr'>pro</span> <span class='ocrx_word' id='word_1_270' title='bbox 1002 2540 1186 2583; x_wconf 87' lang='lat' dir='ltr'>historia</span> <span class='ocrx_word' id='word_1_271' title='bbox 1207 2539 1310 2583; x_wconf 89' lang='lat' dir='ltr'>illae</span> <span class='ocrx_word' id='word_1_272' title='bbox 1326 2536 1626 2594; x_wconf 90' lang='lat' dir='ltr'>prudentibus</span> <span class='ocrx_word' id='word_1_273' title='bbox 1642 2535 1868 2577; x_wconf 90' lang='lat' dir='ltr'>videbun-</span> 
     </span>
     <span class='ocr_line' id='line_1_32' title="bbox 241 2610 1871 2679; baseline -0.01 -10"><span class='ocrx_word' id='word_1_274' title='bbox 241 2635 328 2679; x_wconf 81' lang='lat' dir='ltr'>tur3</span> <span class='ocrx_word' id='word_1_275' title='bbox 355 2625 443 2667; x_wconf 91' lang='lat' dir='ltr'>imo</span> <span class='ocrx_word' id='word_1_276' title='bbox 473 2638 581 2667; x_wconf 89' lang='lat' dir='ltr'>vero</span> <span class='ocrx_word' id='word_1_277' title='bbox 610 2629 734 2665; x_wconf 87' lang='lat' dir='ltr'>tanto</span> <span class='ocrx_word' id='word_1_278' title='bbox 764 2620 927 2662; x_wconf 89' lang='lat' dir='ltr'>clarius</span> <span class='ocrx_word' id='word_1_279' title='bbox 956 2627 1001 2661; x_wconf 91' lang='lat' dir='ltr'>et</span> <span class='ocrx_word' id='word_1_280' title='bbox 1030 2617 1265 2661; x_wconf 90' lang='lat' dir='ltr'>candidius</span> <span class='ocrx_word' id='word_1_281' title='bbox 1298 2615 1464 2660; x_wconf 91' lang='lat' dir='ltr'>veritas</span> <span class='ocrx_word' id='word_1_282' title='bbox 1493 2628 1643 2657; x_wconf 92' lang='lat' dir='ltr'>rerum</span> <span class='ocrx_word' id='word_1_283' title='bbox 1671 2612 1717 2654; x_wconf 90' lang='lat' dir='ltr'>in</span> <span class='ocrx_word' id='word_1_284' title='bbox 1746 2610 1871 2653; x_wconf 90' lang='lat' dir='ltr'>hisce</span> 
     </span>
     <span class='ocr_line' id='line_1_33' title="bbox 243 2690 1870 2759; baseline -0.01 -13"><span class='ocrx_word' id='word_1_285' title='bbox 243 2701 418 2759; x_wconf 89' lang='lat' dir='ltr'>paginis</span> <span class='ocrx_word' id='word_1_286' title='bbox 441 2700 619 2751; x_wconf 89' lang='lat' dir='ltr'>emicat,</span> <span class='ocrx_word' id='word_1_287' title='bbox 649 2705 820 2754; x_wconf 90' lang='lat' dir='ltr'>quanto</span> <span class='ocrx_word' id='word_1_288' title='bbox 847 2697 996 2739; x_wconf 90' lang='lat' dir='ltr'>minus</span> <span class='ocrx_word' id='word_1_289' title='bbox 1024 2696 1156 2739; x_wconf 91' lang='lat' dir='ltr'>limae</span> <span class='ocrx_word' id='word_1_290' title='bbox 1185 2709 1321 2750; x_wconf 89' lang='lat' dir='ltr'>opera</span> <span class='ocrx_word' id='word_1_291' title='bbox 1350 2699 1394 2735; x_wconf 91' lang='lat' dir='ltr'>et</span> <span class='ocrx_word' id='word_1_292' title='bbox 1423 2690 1678 2747; x_wconf 90' lang='lat' dir='ltr'>scriptionis</span> <span class='ocrx_word' id='word_1_293' title='bbox 1707 2703 1870 2745; x_wconf 91' lang='lat' dir='ltr'>perpo-</span> 
     </span>
     <span class='ocr_line' id='line_1_34' title="bbox 239 2766 1872 2830; baseline -0.01 -8"><span class='ocrx_word' id='word_1_294' title='bbox 239 2779 416 2823; x_wconf 89' lang='lat' dir='ltr'>liendae</span> <span class='ocrx_word' id='word_1_295' title='bbox 438 2776 638 2821; x_wconf 89' lang='lat' dir='ltr'>studium</span> <span class='ocrx_word' id='word_1_296' title='bbox 661 2773 953 2830; x_wconf 87' lang='lat' dir='ltr'>conspicitur.</span> <span class='ocrx_word' id='word_1_297' title='bbox 981 2774 1036 2815; x_wconf 89' lang='lat' dir='ltr'>Et</span> <span class='ocrx_word' id='word_1_298' title='bbox 1058 2775 1170 2815; x_wconf 90' lang='lat' dir='ltr'>haec</span> <span class='ocrx_word' id='word_1_299' title='bbox 1198 2771 1380 2827; x_wconf 90' lang='lat' dir='ltr'>quidem</span> <span class='ocrx_word' id='word_1_300' title='bbox 1408 2770 1463 2813; x_wconf 92' lang='lat' dir='ltr'>de</span> <span class='ocrx_word' id='word_1_301' title='bbox 1494 2766 1872 2824; x_wconf 76' lang='lat' dir='ltr'>Eplzemeridibus</span> 
     </span>
     <span class='ocr_line' id='line_1_35' title="bbox 245 2852 746 2912; baseline -0.01 -13"><span class='ocrx_word' id='word_1_302' title='bbox 245 2856 515 2912; x_wconf 87' lang='lat' dir='ltr'>praelibasse</span> <span class='ocrx_word' id='word_1_303' title='bbox 538 2852 746 2896; x_wconf 87' lang='lat' dir='ltr'>sufficiat.</span> 
     </span>
    </p>
   </div>
   <div class='ocr_carea' id='block_1_5' title="bbox 341 2975 515 2978">
    <p class='ocr_par' dir='ltr' id='par_1_7' title="bbox 341 2975 515 2978">
     <span class='ocr_line' id='line_1_36' title="bbox 341 2975 515 2978; baseline 0 0"><span class='ocrx_word' id='word_1_304' title='bbox 341 2975 515 2978; x_wconf 95' lang='lat' dir='ltr'> </span> 
     </span>
    </p>
   </div>
   <div class='ocr_carea' id='block_1_6' title="bbox 321 3017 1091 3068">
    <p class='ocr_par' dir='ltr' id='par_1_8' title="bbox 321 3017 1091 3068">
     <span class='ocr_line' id='line_1_37' title="bbox 321 3017 1091 3068; baseline -0.009 -10"><span class='ocrx_word' id='word_1_305' title='bbox 321 3026 326 3045; x_wconf 91' lang='lat'><strong>¹</strong></span> <span class='ocrx_word' id='word_1_306' title='bbox 383 3023 487 3057; x_wconf 74' lang='lat' dir='ltr'>Hist.</span> <span class='ocrx_word' id='word_1_307' title='bbox 511 3022 611 3064; x_wconf 62' lang='lat' dir='ltr'>Soc„</span> <span class='ocrx_word' id='word_1_308' title='bbox 632 3026 734 3068; x_wconf 85' lang='lat' dir='ltr'>part.</span> <span class='ocrx_word' id='word_1_309' title='bbox 760 3020 810 3065; x_wconf 83' lang='grc' dir='ltr'>ΙΙ,</span> <span class='ocrx_word' id='word_1_310' title='bbox 831 3019 898 3054; x_wconf 88' lang='lat' dir='ltr'>lib.</span> <span class='ocrx_word' id='word_1_311' title='bbox 920 3028 946 3064; x_wconf 83' lang='lat'>1,</span> <span class='ocrx_word' id='word_1_312' title='bbox 968 3030 1008 3053; x_wconf 91' lang='lat' dir='ltr'>n.</span> <span class='ocrx_word' id='word_1_313' title='bbox 1035 3017 1091 3052; x_wconf 84' lang='lat'>26.</span> 
     </span>
    </p>
   </div>
  </div>
 </body>
</html>
