1958 3210
922 199 1009 235 Ῑ557
1731 200 1775 235 55

153 295 427 339 testabamur
455 294 724 349 exemplum:
760 307 939 335 eramus
967 293 1079 335 adeo
1108 291 1333 347 simplices
1361 298 1409 333 vt
1438 305 1669 347 nunquam
1692 307 1777 347 pu-

179 372 186 430 Ι
214 371 443 429 [ta]remus
460 373 662 414 futurum
678 378 727 412 vt
744 385 768 413 e
784 369 950 413 nostris
968 376 1269 425 emergerent,
1291 368 1367 424 qui
1385 369 1659 413 Societatem
1676 370 1778 411 vni—

156 462 334 492 uersam
357 462 621 503 oppugnare
643 448 862 491 auderent
888 449 916 489 ¹.
1406 440 1407 443 ¹

245 526 398 579 Quum
416 523 564 566 omnia
575 523 885 579 impleuissent
901 525 914 544 ²
936 523 1283 579 suspicionibus,
1298 529 1347 564 vt
1369 523 1490 565 aliud
1507 538 1598 566 non
1614 523 1777 573 dicam,

114 609 118 615 '
155 608 200 646 et
215 600 374 644 effictis
393 600 555 643 fabulis
574 600 806 643 Bobadilla
822 607 867 643 et
886 599 1092 652 Pontius,
1112 606 1156 643 et
1174 599 1432 642 auidissime
1447 599 1566 644 vires
1588 600 1778 642 coniun-

154 677 338 729 xissent,
365 691 416 720 ac
434 692 505 721 res
522 684 747 732 spectaret
764 678 821 719 ad
842 676 1074 729 iudicium3
1095 691 1149 719 eo
1172 675 1290 719 enim
1315 676 1576 719 nitebantur
1604 676 1649 718 hi
1673 677 1778 720 boni

154 756 327 806 Patres3
354 753 575 796 consultis
600 754 825 805 Patribus,
850 753 1054 795 decreuit
1077 752 1272 795 vicarius
1294 767 1387 795 rem
1406 768 1496 795 non
1514 767 1613 796 esse
1630 753 1777 810 negli—

153 831 363 887 gendam,
388 831 468 874 sed
490 831 683 873 dandam
706 845 887 886 operam
910 845 966 873 ne
988 830 1097 885 quid
1130 829 1387 873 detrimenti
1416 837 1597 885 caperet
1621 830 1779 874 Socie—

154 914 237 950 tas:
260 907 453 963 primum
475 907 614 963 igitur
647 907 995 951 demesticorum
1018 906 1190 950 animos
1212 906 1592 949 confirBSmauit:
1619 906 1781 949 indixit

154 983 519 1027 mortificationes
547 983 667 1026 domi
695 991 740 1028 et
768 983 814 1026 in
842 984 1050 1039 collegio,
1082 990 1131 1025 vt
1159 982 1363 1038 quotidie
1391 983 1650 1027 dicerentur
1677 983 1779 1026 lita—

158 1061 272 1113 niae,
299 1068 343 1104 et
365 1069 516 1104 essent
537 1060 865 1117 flagellationes
888 1060 1058 1115 aliquot
1080 1060 1272 1116 singulis
1304 1060 1613 1112 hebdomadis,
1638 1062 1782 1103 multa

158 1137 338 1190 ieiunia,
374 1139 533 1180 fratres
565 1138 634 1181 bis
665 1137 1049 1181 communicarent
1081 1137 1272 1193 singulis
1308 1137 1616 1189 hebdomadis,
1656 1144 1705 1179 vt
1734 1137 1781 1179 in

158 1215 366 1257 omnibus
389 1214 619 1270 sacrificijs
642 1214 803 1257 missae
833 1215 1089 1257 sacerdotes
1116 1216 1214 1257 Deo
1244 1215 1433 1257 salutem
1465 1221 1510 1257 et
1538 1214 1781 1270 perfectio-

158 1306 259 1334 nem
298 1291 535 1336 Societatis
572 1292 960 1343 commendarent,
999 1291 1177 1346 proprie
1214 1306 1321 1335 vero
1351 1290 1520 1347 singuli
1555 1293 1568 1312 ⁵
1601 1304 1625 1346 3
1654 1305 1782 1333 sacra

157 1368 350 1425 singulis
366 1368 659 1411 hebdomadis
676 1367 966 1424 applicarent.
995 1367 1191 1411 Maxima
1219 1368 1225 1425 l
1252 1383 1356 1423 pars
1386 1368 1572 1410 fratrum
1603 1367 1783 1423 repetijt

155 1444 371 1489 exercitia
413 1444 675 1501 spiritualia:
717 1446 955 1489 feruebant
996 1445 1145 1487 omnia
1182 1444 1442 1497 deuotione,
1488 1444 1778 1500 poenitentia,

158 1522 317 1578 spiritu
342 1523 373 1565 ⁴.

245 1599 364 1643 Dein
386 1601 442 1642 ad
465 1614 578 1655 quos
600 1614 878 1643 commeasse
902 1599 1179 1642 Bobadillam
1203 1607 1248 1642 et
1267 1599 1479 1642 Pontium
1497 1598 1669 1642 sciebat
1693 1601 1782 1641 Pa-

157 1684 224 1721 ter
272 1676 483 1730 vicarius,
515 1691 568 1719 ac
596 1692 701 1720 suas
740 1676 842 1736 [res]
881 1676 1119 1728 detulisse,
1153 1691 1230 1720 eos
1275 1675 1430 1729 adiuit,
1463 1690 1531 1727 ac,
1578 1675 1777 1731 exposita

156 1754 363 1806 veritate,
390 1754 648 1797 Bobadillae
671 1762 716 1796 et
740 1753 889 1809 Pontij
909 1754 1072 1810 repulit
1097 1755 1111 1776 ⁵
1134 1753 1461 1796 accusationes.

247 1830 495 1873 Constituit
522 1831 568 1873 in
591 1830 805 1873 iudicium
834 1830 989 1875 venire
1017 1832 1073 1873 ad
1101 1845 1362 1887 carpensem
1391 1830 1679 1883 cardinalem;
1705 1832 1785 1873 sed

155 1909 266 1950 haec
289 1907 350 1949 ita
380 1914 573 1951 tractare
600 1907 765 1960 omnia,
797 1914 846 1950 vt
876 1907 1217 1951 Bobassssdillae
1245 1907 1516 1950 existimatio
1545 1922 1602 1950 ne
1629 1907 1781 1950 laede—

157 1990 280 2028 retur
307 1983 393 2026 nisi
421 1985 691 2036 necessario,
726 1984 763 2027 si
792 1986 973 2040 quando
1002 1985 1168 2028 veritas
1200 1984 1454 2028 necessaria
1490 1984 1618 2028 aliter
1650 1984 1786 2027 asseri

156 2075 247 2104 non
264 2068 431 2116 posset.
454 2061 567 2103 Illud
583 2068 815 2117 praeterea
832 2062 1123 2117 prouidenter
1146 2061 1282 2114 cauit,
1302 2069 1350 2103 vt
1368 2060 1414 2103 in
1438 2068 1532 2104 tota
1547 2063 1631 2103 hac
1649 2075 1801 2124 causa·

158 2137 335 2193 scriptis
357 2138 537 2194 publica
558 2153 650 2181 non
673 2153 927 2194 ageremus.

246 2215 360 2257 Illud
382 2222 533 2259 autem
555 2230 718 2271 operae
745 2215 945 2271 precium
967 2215 1429 2273 estjanimaduertere,
1465 2230 1604 2270 quum
1636 2215 1786 2257 Boba-

162 2291 266 2335 dilla
294 2299 338 2335 et
368 2292 560 2335 Pontius
589 2307 820 2348 nunquam
849 2307 940 2335 non
967 2292 1231 2345 scriberent,
1264 2307 1315 2336 ac
1342 2307 1447 2335 suas
1478 2291 1787 2334 accusationes

161 2368 433 2412 seminarent
456 2384 534 2425 per
555 2371 728 2424 vrbem,
756 2370 923 2412 factum
945 2377 1030 2424 est,
1056 2369 1141 2414 Dei
1164 2369 1383 2426 singulari
1412 2367 1713 2424 prouidentia,
1738 2375 1788 2409 vt

164 2445 257 2488 fere
285 2445 434 2488 omnia
465 2445 764 2503 chirographa
792 2446 836 2488 in
854 2461 1015 2490 manus
1043 2446 1250 2490 venirent
1277 2446 1283 2503 Ι
1312 2445 1459 2489 Patris
1486 2444 1658 2500 vicarij,
1683 2459 1786 2487 nam

159 2523 234 2565 vel
254 2521 340 2565 illis
362 2523 721 2578 imprudentibus
742 2523 1011 2567 excidebant
1037 2523 1084 2565 in
1106 2524 1194 2577 via,
1221 2531 1266 2568 et
1287 2539 1313 2565 a
1334 2523 1472 2575 socio,
1498 2522 1575 2578 qui
1596 2523 1790 2565 dabatur

159 2599 374 2652 probatus
396 2600 548 2652 frater,
569 2599 924 2656 excipiebantur,
949 2600 1021 2643 vel
1043 2599 1090 2642 in
1112 2614 1267 2642 eorum
1290 2598 1511 2642 cubiculis
1533 2613 1612 2655 per
1629 2612 1786 2642 eorum

229 2761 239 2780 ¹
291 2759 380 2806 Ms.,
399 2761 578 2796 auderet.
598 2760 659 2796 Cf.
681 2761 939 2806 SAccmNUS,
955 2761 1029 2796 loc.
1050 2761 1133 2806 cit„
1154 2773 1191 2795 n.
1212 2768 1277 2804 77.

229 2818 243 2838 ²
292 2819 382 2865 Ms.,
401 2819 660 2866 impleuisset.

233 2878 246 2897 ⁵
296 2877 385 2922 Ms.,
400 2879 560 2926 singuli
576 2879 750 2927 singuli.

233 2935 250 2955 ⁴
297 2936 554 2983 SACCH!NUS‚
575 2939 648 2973 loe.
668 2939 752 2984 cit.,
772 2951 810 2974 n.
830 2939 888 2983 78.

238 2996 253 3016 ⁵
302 2996 390 3041 Ms.,
405 2997 616 3043 repulerit.
632 2985 635 2989 ²
