1958 3210
654 123 675 159 3
701 124 964 160 SEPTEMBmS
994 125 1083 170 1563
1618 125 1687 170 373

59 226 281 276 trimum,
306 225 343 267 si
366 227 510 269 anche
529 227 694 281 perche
712 226 914 281 l'agente
931 227 1002 270 del
1021 227 1358 270 commendator
1380 228 1389 247 ¹
1412 228 1454 269 sa
1471 226 1686 270 difficulta

55 302 173 346 circa
195 301 305 344 certi
328 302 457 357 punti
480 303 596 346 della
619 301 803 345 riforma
826 303 858 344 ².

145 392 184 433 3.
251 379 303 420 El
326 378 524 421 cardinal
547 379 602 421 de
628 380 841 434 Augusta
872 382 992 422 stara
1020 381 1179 424 adesso
1208 380 1252 422 in
1287 381 1507 436 Bologna‚
1539 387 1585 424 et
1606 395 1686 436 per

54 458 97 499 la
118 456 342 499 Madonna
366 456 422 499 de
440 456 696 499 Settembre
714 470 763 498 se
787 459 967 499 trouara
991 456 1035 498 in
1059 459 1246 500 Mantua
1269 472 1347 512 per
1369 472 1632 502 consecrare
1654 458 1684 500 il

54 547 174 576 nouo
204 546 400 576 vescouo
429 533 455 574 ⁵.
488 533 618 575 Della
647 534 777 575 uerra
812 532 859 574 in
896 534 1082 587 Trento,
1124 548 1214 576 non
1237 548 1287 576 so
1311 541 1480 588 quanto
1504 537 1684 589 passara

52 611 180 662 oltra,
206 610 370 664 perche
388 609 664 653 intendiamo
686 606 771 653 che
787 609 817 651 li
847 609 1005 665 figlioli
1028 610 1100 653 del
1129 625 1177 653 re
1200 611 1215 630 ⁴
1246 625 1296 654 se
1322 612 1472 653 hanno
1496 611 1552 654 da
1580 626 1684 667 par-

57 686 137 730 tire
159 685 232 728 alli
258 698 312 728 20
334 686 391 729 de
415 686 547 739 7‚bre‚

139 775 181 816 4.
247 762 296 806 Si
333 762 591 806 ricomincia
629 778 654 805 a
692 770 851 806 trattar
874 779 935 806 un
964 777 1076 819 poco
1105 765 1177 806 del
1205 765 1271 807 far
1300 765 1528 809 mentione
1565 765 1682 809 della

53 839 349 896 Compagnia,
370 847 478 892 etc.,
504 847 549 884 et
572 847 698 883 tanto
715 840 745 882 il
768 843 928 884 Moron
951 855 1081 883 como
1105 842 1296 894 Lorena‚
1322 843 1379 887 de
1398 844 1502 897 qual
1525 857 1572 885 se
1595 844 1679 885 du—

51 916 218 969 bitaua,
244 918 505 960 mostrando
532 918 623 960 bon
651 917 800 961 animo
836 933 916 974 per
953 926 1114 974 questo
1152 920 1307 963 effetto
1331 921 1357 961 ⁵.
1385 919 1433 964 Si
1456 920 1618 962 manda
1640 921 1682 962 la

49 994 205 1037 lettera
227 994 298 1037 del
328 995 404 1037 Dr.
439 996 572 1051 Pae2‚
606 1001 652 1038 et
674 995 746 1038 (161
781 997 832 1038 Ρ.
861 996 1019 1038 Paulo.
1062 998 1119 1039 N.
1154 998 1206 1039 P.
1234 1004 1279 1040 et
1309 996 1414 1039 tutti
1452 996 1492 1039 ci
1516 996 1679 1039 ricom-

49 1070 317 1123 mandiamo,
344 1079 431 1115 etc.
458 1073 528 1115 De
551 1073 738 1127 Trento,
759 1072 952 1115 l’ultimo
975 1074 1032 1117 (16
1054 1074 1235 1129 Agosto
1265 1075 1390 1129 1563.

802 1256 919 1296 30²

369 1327 1035 1402 PJHIERONYMUS
1084 1360 1360 1402 NADAL

488 1463 647 1498 PATRI
675 1464 984 1501 LAURENTIO
1012 1464 1225 1502 MAGGIO

463 1566 756 1604 VINDOBONAE,
778 1557 804 1593 ⁷3
830 1567 1087 1594 SEPTEMssms
1119 1559 1207 1604 1563
1222 1562 1251 1595 ⁶.

245 1651 531 1687 Testimonium
559 1654 788 1700 magisterii
813 1657 848 1689 et
874 1655 1102 1689 doctoratus
1129 1655 1269 1690 Patris
1294 1656 1468 1703 Maggii.

797 1750 918 1793 Ihus.

128 1842 435 1898 Hieronymus
465 1843 653 1896 Natalis,
686 1859 841 1889 sacrae
870 1846 1129 1902 theologiae
1157 1846 1330 1898 doctor,
1362 1853 1407 1890 et
1430 1845 1669 1890 Societatis

110 2046 120 2066 ¹
172 2043 312 2081 Orator
331 2045 501 2092 Philippi
519 2047 570 2091 11,
596 2046 700 2092 regis
724 2046 937 2093 Hispaniae
963 2047 1002 2082 in
1025 2047 1204 2092 concilio,
1230 2047 1416 2083 Claudius
1442 2047 1668 2083 Fernandez

39 2103 254 2150 Quffiones,
266 2116 396 2140 comes
409 2105 457 2140 de
472 2105 594 2141 Luna.
607 2105 808 2153 Philippus
823 2107 1038 2153 appellatur
1052 2107 1087 2142 el
1101 2108 1367 2142 comendador
1381 2108 1522 2143 secreti
1535 2118 1667 2142 causa.

36 2161 136 2198 Vide
154 2174 282 2210 supra,
302 2175 391 2210 pag.
412 2163 496 2210 324,
515 2171 647 2200 annot.
669 2164 704 2200 3.

104 2224 118 2243 ‘2
169 2223 228 2257 De
247 2223 306 2258 his
324 2223 374 2259 cf.
396 2229 482 2259 acta
515 2224 669 2260 concilii
688 2225 794 2260 Petri
812 2225 1009 2261 Gonzalez
1027 2224 1075 2260 de
1095 2224 1296 2269 Mendom,
1317 2225 1418 2272 apud
1442 2227 1478 2271 J.
1500 2237 1537 2260 v.
1558 2223 1667 2261 DoL-

34 2288 198 2325 LINGER,
217 2283 413 2325 Berichte,
434 2283 485 2329 II,
514 2283 679 2318 136-138.

103 2341 118 2361 ³
168 2341 386 2377 Fridericus
406 2342 591 2389 Gonzaga
610 2343 829 2379 cardinalis.
850 2343 950 2378 Vide
969 2343 1080 2390 epist.
1105 2343 1189 2389 260,
1209 2356 1247 2378 n.
1268 2353 1302 2378 2.

101 2400 116 2420 ⁴
167 2400 452 2436 Maximilianus
483 2403 534 2445 II,
553 2402 664 2449 cujus
687 2402 757 2438 filii
782 2403 1067 2438 Maximilianus
1094 2408 1133 2438 et
1158 2403 1345 2438 Ernestus
1370 2403 1409 2437 in
1434 2402 1663 2449 Hispaniam

34 2464 238 2494 venerunt.
258 2459 319 2495 Cf.
341 2461 468 2496 FELIU
487 2470 542 2496 DE
560 2470 615 2498 LA
633 2462 766 2507 ΡΕῙῗΙΑ,
785 2462 934 2497 Artales
952 2463 999 2497 de
1022 2461 1238 2503 Catalufia,
1259 2462 1331 2508 ΙΙΙ,
1351 2471 1432 2496 202.

103 2519 117 2539 5
166 2518 267 2553 Vide
285 2519 400 2565 epist.
421 2519 504 2564 302,
524 2532 562 2556 n.
584 2529 619 2556 2.

103 2578 117 2598 ⁶
167 2578 224 2612 Ex
249 2580 482 2626 archetypo,
502 2579 541 2614 in
565 2580 721 2624 codice,
742 2581 806 2616 cui
829 2581 966 2616 titulus
994 2581 1167 2616 Litterae
1189 2583 1368 2627 patentes
1393 2590 1579 2627 1545-99,
1596 2580 1665 2616 du-

34 2635 123 2680 plici
141 2635 225 2682 fol.,
244 2649 406 2684 quorum
432 2638 538 2685 prius
562 2645 623 2675 est
646 2651 797 2686 purum.
824 2639 1067 2686 Subscriptio
1092 2645 1151 2675 est
1176 2640 1428 2686 autographa.
1455 2640 1499 2675 In
1525 2639 1663 2675 eodem

32 2694 188 2742 codice,
219 2695 285 2731 fol.
323 2697 382 2739 62,
414 2698 579 2733 habetur
610 2698 876 2734 testimonium
906 2700 1161 2745 archetypum
1192 2699 1406 2745 magisterii
1439 2700 1488 2734 ab
1523 2699 1661 2735 eodem

33 2752 76 2788 P.
95 2754 335 2802 Hieronymo
353 2755 476 2792 Nadal
495 2757 601 2792 Patri
620 2757 776 2804 Maggio
794 2757 948 2804 datum,
974 2764 1012 2793 et
1037 2757 1190 2804 propria
1214 2769 1330 2793 manu
1351 2757 1468 2792 etiam
1494 2758 1661 2793 subscri-

34 2817 155 2857 ptum.
188 2814 382 2860 Quoniam
407 2816 543 2851 eadem
571 2816 734 2852 formula
758 2817 908 2853 Natalis
933 2817 972 2853 in
997 2823 1160 2864 utroque
1183 2816 1417 2852 documento
1448 2828 1541 2852 usus
1571 2815 1663 2864 fuit,

31 2871 162 2916 paucis
189 2874 319 2910 verbis
350 2875 540 2922 exceptis,
559 2876 724 2912 sufficiat
753 2877 849 2912 haec
874 2876 913 2912 in
938 2876 1252 2913 annotationibus
1280 2876 1466 2912 exhibere
1491 2877 1564 2912 sub
1590 2877 1663 2912 hac

32 2934 121 2966 nota
137 2931 240 2977 Tm„
260 2933 284 2968 i.
306 2945 340 2969 e.
361 2934 646 2970 Testimonium
665 2935 895 2981 magisterii.
1048 2928 1053 2935 .
