1958 3210
262 195 307 232 72
830 184 872 218 Ρ.
902 184 1088 219 NATALIS
1114 184 1331 218 EPHEMER.

352 331 456 372 ¹:37
971 341 1150 372 AURIAE

350 444 562 485 Humane
584 455 666 483 nos
705 440 874 495 recepit
911 439 1172 496 episcopus:
1199 438 1436 495 pollicetur
1462 441 1471 460 ¹
1502 438 1760 483 liberaliter:
1792 439 1889 495 pla-

259 519 352 562 cuit
374 533 465 561 non
488 517 774 562 mediocriter
791 516 934 573 pietas
957 525 1002 561 et
1024 516 1229 559 doctrina
1249 515 1386 558 huius
1407 515 1620 572 episcopi.
1647 515 1783 568 Hinc,
1816 530 1888 559 re-

258 596 396 639 misso
408 596 464 638 ad
483 609 616 638 suum
634 594 893 650 collegium,
909 593 1117 637 venimus
1132 594 1189 635 ad
1206 592 1530 636 monasterium
1549 593 1597 637 S.
1618 591 1824 636 Foelicis.
1856 592 1864 650 Ι

870 727 931 756 AD
957 726 996 756 S.
1030 726 1271 756 FOELICEM

350 828 438 871 Hic
460 827 635 884 repperi
667 830 719 871 Ρ.
750 826 1041 869 Franciscum
1080 825 1374 877 Henrichem,
1415 832 1752 881 procuratorem
1788 839 1892 880 pro-

260 906 452 959 uinciae,
478 920 568 961 quo
605 911 792 948 venerat
821 910 1004 960 propter
1037 902 1244 959 negocia.
1279 904 1419 945 Erant
1448 901 1567 945 enim
1597 916 1668 944 res
1697 901 1758 944 ibi
1789 916 1892 957 per-

260 984 482 1034 turbatae,
515 988 697 1038 propter
726 981 996 1033 libertatem,
1028 995 1163 1036 quam
1187 981 1355 1022 fecerat
1385 981 1436 1022 P.
1477 980 1513 1021 F
1517 978 1746 1021 ranciscus
1774 979 1892 1021 colo-

258 1061 344 1113 nis,
365 1067 413 1102 vt
450 1059 605 1103 liceret
628 1058 735 1114 ipsis
768 1059 824 1102 de
847 1073 929 1101 suo
951 1057 1049 1101 iure
1078 1063 1123 1101 et
1154 1063 1412 1099 nostrorum
1440 1054 1752 1099 exactionibus
1781 1069 1893 1098 con-.

258 1137 403 1192 querj,
451 1137 465 1156 2
495 1143 582 1179 etc.
623 1135 744 1179 Nihil
784 1150 871 1191 ego
910 1134 1111 1186 definiui,
1153 1134 1233 1178 sed
1269 1132 1512 1189 negocium
1552 1131 1701 1175 remisi
1737 1133 1796 1175 ad
1834 1135 1886 1176 P.

259 1213 567 1266 Franciscum,
593 1221 641 1255 vt
663 1227 767 1255 cum
788 1212 863 1255 illo
886 1218 1075 1268 agerent
1092 1210 1233 1254 nostri
1256 1210 1570 1266 Vlissyponae.

349 1292 537 1346 Semper
568 1290 725 1333 censui
748 1305 847 1334 esse
870 1289 1186 1334 remittendam
1209 1303 1364 1330 curam
1387 1289 1685 1343 parochorum
1707 1294 1752 1330 et
1781 1287 1892 1330 138

259 1367 525 1412 electionem
555 1368 612 1410 ad
639 1367 916 1424 episcopum.
951 1368 1046 1410 Nos
1077 1373 1228 1410 tamen
1257 1380 1349 1408 non
1377 1365 1545 1408 debere
1574 1364 1812 1420 negligere
1843 1371 1892 1407 vt

260 1445 499 1488 utilitatem
521 1444 715 1500 aliquam
738 1446 1001 1488 afferremus
1024 1439 1260 1486 animabus
1278 1441 1363 1484 illis
1380 1456 1460 1498 per
1482 1440 1826 1485 concionatores
1849 1449 1895 1484 et

259 1521 453 1577 aliquem
476 1522 715 1577 probatum
738 1520 1081 1572 confessarium,
1107 1527 1192 1563 etc.

347 1598 507 1642 Visum
546 1606 615 1642 est
643 1597 965 1651 necessarium,
996 1597 1072 1652 qui
1096 1597 1201 1639 illuc
1230 1602 1337 1638 sunt
1359 1594 1567 1638 mittendi
1596 1609 1649 1637 ac
1671 1594 1889 1647 mansuri,

259 1682 307 1717 vt
329 1675 419 1719 sint
447 1674 766 1731 probatissimi,
792 1681 975 1730 propter
1007 1673 1296 1717 solitudinem
1318 1672 1405 1715 loci
1429 1679 1474 1716 et
1503 1671 1777 1728 paucitatem
1807 1685 1892 1714 no-

258 1759 472 1805 strorum,
498 1759 585 1795 etc.
614 1753 643 1794 ³.

348 1872 464 1914 139
863 1883 1195 1921 BRACCHARAE,
1239 1881 1262 1912 2
1273 1872 1298 1911 .⁰

349 1986 455 2027 Non
477 1984 654 2040 egimus
677 1985 733 2028 de
756 1983 1021 2026 fundatione
1039 1982 1236 2039 collegij,
1258 1983 1378 2038 quod
1395 1983 1574 2026 abesset
1591 1980 1894 2036 archiepisco-

259 2077 359 2118 pus,
386 2062 617 2117 profectus
640 2061 906 2104 Tridentum
930 2061 986 2103 ad
1003 2059 1258 2103 concilium.
1280 2061 1453 2102 Tamen
1470 2059 1647 2115 egimus
1665 2059 1722 2101 de
1739 2072 1894 2102 emen-

258 2138 328 2181 dis
350 2138 562 2181 domibus
585 2152 610 2180 e
632 2138 819 2194 regione
842 2137 1040 2194 collegij,
1061 2144 1106 2181 et
1129 2136 1300 2179 dictum
1318 2144 1387 2181 est
1408 2144 1457 2178 vt
1473 2135 1664 2179 ecclesia
1680 2149 1823 2191 capax
1839 2150 1895 2179 ex

258 2217 401 2260 altera
422 2223 549 2272 parte
570 2214 658 2258 vici
676 2214 954 2259 aedificetur.
982 2214 1085 2257 Alia
1103 2222 1209 2257 sunt
1231 2213 1522 2270 praescripta,
1543 2219 1630 2256 etc.
1652 2214 1821 2256 Actum
1838 2212 1894 2254 de

259 2293 389 2336 bonis
415 2296 464 2336 P.
492 2294 582 2335 don
606 2292 785 2349 Ignatii,
811 2299 855 2336 et
884 2291 1015 2347 coepi
1044 2291 1302 2344 concilium,
1334 2291 1455 2346 quod
1483 2296 1636 2346 posset
1664 2304 1768 2345 pars
1812 2288 1894 2331 ali·

258 2385 348 2425 qua
369 2372 557 2414 Romam
594 2369 724 2413 mitti.
757 2369 763 2427 Ι
793 2369 1059 2413 Habebatur
1080 2368 1153 2411 hic
1191 2368 1325 2412 lectio
1362 2382 1551 2410 casuum
1587 2365 1893 2410 conscientiae

257 2461 362 2490 cum
401 2448 551 2490 fructu
589 2457 634 2490 et
671 2445 886 2491 exercitio
930 2446 986 2488 ad
1024 2444 1355 2501 simplicitatem
1394 2443 1674 2488 audientium
1712 2457 1892 2486 accom—

259 2525 456 2567 modato.

347 2644 470 2686 140
877 2656 937 2686 AD
962 2655 1175 2694 PORTUM,
1204 2644 1263 2683 2.⁰

349 2756 598 2799 Residuum
628 2755 897 2800 visitationis
923 2754 1112 2798 absolui.
1141 2755 1312 2798 Audiui
1340 2754 1666 2807 confessioneS,
1694 2760 1780 2798 etc.
1803 2754 1896 2796 Re-

334 2885 342 2904 ¹
395 2883 713 2930 Ms.,p0lliciter.

330 2946 343 2963 ²
395 2942 483 2987 Ms.‚
500 2942 733 2988 conquaerj.

331 3001 345 3019 ³
398 3000 460 3035 Nil
481 3001 668 3047 scriptum
689 3000 728 3036 in
746 3000 814 3035 fol.
840 3000 906 3035 138
932 3013 972 3034 v.
