1958 3210
1871 4 1878 11 ,
1931 0 1958 158 „4

231 216 277 260 64
796 212 839 246 P.
869 211 1057 247 NATALIS
1083 213 1302 248 EPHEMER.

327 328 377 357 Io
395 312 672 368 Septembris
696 318 764 355 est
787 311 1005 354 dissoluta
1027 312 1249 368 legittime
1271 315 1583 371 congregatio.

320 392 400 433 Est
424 390 661 433 emendata
683 387 832 432 versio
854 388 994 432 latina
1023 389 1398 433 constitutionum
1427 407 1453 435 a
1475 405 1503 445 4
1531 391 1861 444 assistentibus,

232 475 276 512 et
299 468 404 509 data
428 465 560 521 typis.

320 543 422 585 112
446 540 601 584 Voluit
624 556 696 585 me
718 541 864 585 redire
886 542 942 583 ad
960 542 1201 598 collegium
1227 545 1277 586 P.
1300 545 1496 600 LayneZ,
1518 546 1591 588 cui
1614 545 1705 588 dixi
1724 546 1864 590 libere

233 619 375 663 videri
399 618 619 661 rationem
643 618 930 674 gubernandi
953 619 1130 675 collegij
1156 619 1288 663 aliam
1316 621 1656 675 instituendam,
1687 630 1736 665 vt
1753 638 1866 679 pen—

234 698 393 740 derent
416 694 567 737 omnia
590 710 615 737 a
639 695 1058 750 superjntendente,
1085 711 1169 740 nec
1188 712 1285 741 eam
1304 706 1516 742 curarent
1533 700 1605 743 vel
1623 701 1675 742 P.
1700 700 1866 742 Polan-

234 787 331 825 cus,
356 773 430 816 vel
453 775 505 815 P.
533 772 725 824 Madrid,
753 771 829 827 qui
852 780 948 816 erat
971 774 1134 816 modus
1151 774 1433 830 superiorum
1452 782 1721 832 temporum.
1743 777 1867 819 Con-

235 849 370 894 cessit
394 851 546 901 Pater,
573 848 635 891 iui
665 850 721 891 ad
743 848 1004 905 collegium,
1036 852 1115 893 sed
1138 851 1283 894 voluit
1313 853 1448 896 Pater
1475 860 1524 894 vt
1546 852 1669 908 prius
1698 853 1871 908 aliquot

234 926 394 971 diebus
416 927 566 968 locum
591 925 779 981 ministrj
804 926 1055 971 obtinerem
1088 928 1225 982 domi,
1257 928 1294 971 si
1324 929 1432 984 quid
1460 929 1690 974 videretur
1713 945 1868 974 emen-

235 1004 451 1047 dandum.

323 1081 529 1137 Vrgebat
552 1080 751 1123 edictum
786 1080 916 1123 Pauli
947 1088 997 1123 vt
1034 1083 1304 1126 haberemus
1331 1083 1338 1141 Ι
1365 1086 1569 1138 chorum3
1590 1084 1744 1141 itaque
1774 1085 1867 1141 pri-

233 1172 356 1200 mum
385 1156 671 1200 assueuimus
707 1157 862 1200 cantui
899 1158 1128 1214 priuatim,
1168 1159 1273 1203 dein
1306 1160 1586 1205 instituimus
1619 1176 1781 1206 canere
1820 1162 1867 1205 in

235 1236 373 1277 choro
392 1236 526 1276 horas
544 1249 701 1278 omnes
719 1234 962 1278 canonicas
995 1236 1255 1290 theatinice,
1292 1245 1340 1280 vt
1372 1238 1566 1282 iusserat
1599 1240 1787 1291 Paulus,
1822 1239 1868 1282 id

234 1319 318 1366 est,
332 1313 504 1367 absque
522 1312 832 1355 modulatione
845 1312 1150 1357 ecclesiastica
1159 1315 1426 1368 continenti,
1440 1323 1485 1359 et
1501 1331 1592 1359 vno
1606 1323 1713 1359 tono
1724 1317 1864 1370 vocis,

237 1396 413 1432 tantum
445 1396 495 1431 vt
517 1389 673 1432 vltima
693 1390 867 1445 syllaba
895 1389 1023 1445 quasi
1052 1393 1411 1452 contraheretur;
1438 1399 1484 1437 et
1511 1392 1584 1436 hic
1606 1393 1682 1436 'est
1704 1395 1870 1436 chorus

236 1465 419 1508 habitus
446 1465 493 1507 in
521 1466 671 1518 domo,
718 1480 809 1508 non
839 1465 886 1509 in
913 1466 1127 1523 collegio,
1158 1475 1203 1511 et
1232 1468 1445 1528 nulli[bi],
1481 1471 1602 1525 quod
1636 1470 1792 1523 sciam,
1824 1470 1873 1513 in

238 1542 466 1587 Societate
488 1550 721 1599 praeterea
743 1542 967 1587 admissus
993 1545 1021 1586 ¹.

329 1662 435 1705 ¹19
898 1671 1008 1705 1559
1023 1673 1067 1705 et
1085 1672 1142 1705 60
1165 1665 1196 1707 ².

328 1777 590 1819 Postulatus
634 1783 702 1820 est
746 1792 771 1820 a
813 1777 971 1833 regina
1015 1779 1324 1834 portugalliae
1361 1786 1406 1824 et
1437 1780 1653 1823 cardinali
1696 1781 1868 1826 infante

238 1855 292 1896 P.
318 1852 581 1896 Ludouicus
603 1854 845 1908 Goncales,
866 1854 1097 1907 assistens,
1122 1863 1172 1898 vt
1189 1863 1309 1899 esset
1325 1856 1448 1913 regis
1470 1858 1598 1913 pueri
1616 1859 1870 1902 Sebastiani

236 1929 485 1982 institutor,
505 1937 550 1973 et
565 1930 611 1972 in
629 1930 786 1985 literis,
808 1938 852 1975 et
870 1931 1087 1975 moribus.
1101 1933 1209 1976 Visa
1227 1940 1296 1977 est
1313 1948 1450 1977 causa
1466 1934 1646 1988 idonea,
1668 1950 1748 1979 cur
1764 1937 1870 1979 mit-

238 2013 425 2059 teretur,
451 2007 715 2063 praesertim
740 2023 879 2063 quum
898 2008 960 2052 ita
989 2011 1316 2054 contenderent
1338 2010 1400 2053 illi
1424 2011 1664 2069 principes,
1689 2021 1738 2055 vt
1766 2015 1871 2057 abs-

238 2099 327 2140 que
349 2084 570 2141 singulari
594 2085 844 2130 offensione
860 2085 1040 2129 illorum
1058 2087 1217 2143 negari
1235 2103 1329 2131 non
1350 2088 1581 2133 videretur
1597 2105 1744 2146 posse.
1765 2091 1872 2135 Dis-

236 2161 388 2215 cessit3
423 2176 515 2204 non
543 2169 611 2205 est
646 2169 796 2206 tamen
826 2163 1101 2207 substitutus
1133 2167 1184 2208 Ρ.
1219 2165 1489 2209 Franciscus
1512 2167 1627 2210 alius
1655 2168 1871 2213 assistens

238 2246 349 2282 ante
372 2254 542 2282 annum
565 2241 636 2283 62.

327 2316 468 2360 Venit
492 2319 544 2359 P.
573 2318 760 2362 Toletus
784 2319 987 2361 Romam:
1015 2308 1223 2362 consului
1253 2327 1300 2362 vt
1329 2321 1514 2365 doceret
1547 2323 1560 2342 ³
1592 2323 1870 2379 metaphysi—

237 2407 336 2437 cam
358 2393 405 2436 in
427 2393 761 2447 vacationibus,
783 2396 903 2451 quod
926 2395 1063 2438 cessit
1086 2410 1110 2439 e
1132 2397 1372 2440 sententia.

326 2471 465 2515 Venit
497 2473 551 2515 P.
578 2472 845 2516 Ledesmus:
878 2473 915 2516 is
944 2473 1174 2529 specimen
1196 2473 1348 2518 variae
1372 2475 1637 2519 eruditionis
1665 2477 1876 2533 praebuit

236 2548 282 2591 in
304 2548 399 2592 suis
422 2548 708 2592 lectionibus:
742 2565 796 2594 ex
826 2550 1089 2606 probatione
1112 2552 1169 2595 de
1201 2551 1478 2607 ponderibus
1504 2568 1647 2609 Vsque
1670 2560 1716 2596 et
1744 2569 1871 2598 men-

237 2625 354 2669 suris
376 2625 504 2669 dixit.
537 2626 544 2683 Ι

325 2704 481 2758 Quum
512 2705 684 2748 Paulus
714 2705 953 2749 abiecisset
982 2713 1171 2762 nepotes
1194 2721 1367 2761 omnes,
1396 2715 1574 2764 praeter
1602 2708 1876 2752 cardinalem

235 2780 589 2836 neapolitanum,
615 2782 816 2826 vidimus
840 2784 1027 2826 Romam
1051 2783 1254 2833 moribus
1277 2786 1579 2830 reformatam.

310 2910 319 2929 ¹
371 2907 435 2942 Nil
456 2908 645 2955 scripturn
665 2914 725 2944 est
744 2908 783 2944 in
802 2908 871 2944 fol.
902 2907 983 2944 118.

307 2970 320 2989 2
374 2967 471 3012 Ms.,
500 2978 562 3012 50.

306 3027 321 3047 ³
376 3027 467 3073 Ms.,
487 3030 528 3062 vt
547 3028 590 3063 in
608 3029 776 3065 doceret.
