1958 3210
168 194 212 222 ΧῘ
631 193 885 229 PROOEMIUM
911 200 1094 228 SECUNDI
1121 199 1346 228 VOLUMINIS

169 290 359 332 concilio
383 298 624 344 oratorem,
652 293 867 337 Societati
891 292 1246 336 addictissimum
1270 306 1317 334 se
1340 291 1616 347 praebuisse,
1643 280 1802 335 Moro'»

168 380 272 408 nem
296 373 340 410 et
363 367 528 411 Lainez
556 369 798 423 prudentia
826 376 870 413 et
900 369 1121 412 modestia
1149 368 1392 442 plurimum
1422 370 1476 411 ad
1506 382 1661 424 pacem
1685 368 1803 411 inter
1845 369 1848 372 ⁴

171 446 329 486 Patres
353 443 623 487 tridentinae
651 445 811 499 synodi
835 446 1189 488 conservandam
1222 445 1460 500 profuisse,
1486 460 1540 489 ex
1569 445 1703 488 variis
1726 445 1801 487 lit-

171 520 278 563 teris
296 520 570 563 luculentius
593 520 778 575 patebit.

260 598 316 638 Et
334 596 539 651 quamvis
562 597 767 639 nonnulli
791 612 962 649 eorum,
988 597 1066 652 qui
1083 597 1273 640 concilio
1292 599 1478 640 aderant
1500 598 1546 640 in
1563 606 1669 641 vota
1692 599 1801 641 sim-

170 673 303 729 plicia
326 672 566 717 Societatis
589 674 926 726 inveherentur,
954 674 1152 730 episcopi
1170 674 1216 716 in
1235 674 1667 730 congregationibus
1683 675 1805 718 illam

171 750 382 793 laudibus
405 751 682 794 extollebant
706 752 857 806 <'Majo,
890 752 938 794 18
956 752 1068 808 Jul.,
1094 766 1121 808 9
1145 752 1270 807 Aug.
1297 751 1386 805 63.)

262 829 312 870 ΙΝ
331 829 513 881 ITALIA,
534 827 700 871 Lainez
719 827 845 871 initia
863 828 1043 884 collegii
1060 828 1294 871 mantuani
1313 827 1456 883 ponit,
1478 827 1654 883 aliaque
1671 843 1806 885 egre—

174 904 250 961 gia
278 904 323 946 in
352 904 427 947 illa
457 905 569 947 urbe
598 920 688 947 non
718 905 814 948 sine
849 904 1121 948 valetudinis
1156 905 1285 961 gravi
1315 905 1493 960 jactura
1522 905 1697 960 perficit
1736 908 1809 961 (23

175 983 305 1025 Febr.
342 982 428 1037 63).
463 982 717 1025 Cardinalis
746 981 979 1024 mantuani
1008 981 1220 1025 Herculis
1249 983 1497 1037 Gonzagae
1527 981 1572 1024 in
1602 981 1807 1026 Societa-

175 1067 265 1104 tem
288 1059 510 1103 beneficia
533 1067 578 1103 et
606 1059 679 1115 pia
701 1073 824 1101 mors
853 1058 1003 1101 Natali
1032 1058 1298 1101 nuntiantur
1328 1060 1369 1116 (o
1397 1066 1442 1102 et
1477 1072 1528 1113 14
1556 1061 1687 1102 Mart.
1715 1059 1804 1115 63).

174 1136 530 1180 Mediolanensis
547 1136 726 1192 collegii
748 1135 971 1179 institutio
994 1150 1072 1192 per
1095 1135 1365 1180 cardinalem
1391 1138 1713 1180 Borromaeum
1737 1136 1809 1178 in-

174 1220 347 1257 stanter
370 1221 674 1268 promovetur,
701 1228 882 1269 operam
910 1212 1246 1257 conferentibus
1279 1227 1381 1255 cum
1405 1212 1650 1256 Laurentio
1673 1216 1807 1269 Mag—

175 1290 268 1346 gio,
294 1290 446 1346 legato
471 1292 647 1346 Vargas
669 1297 714 1333 et
737 1291 853 1334 duce
876 1291 932 1333 de
954 1291 1104 1334 Sessa:
1136 1289 1330 1346 optimae
1359 1291 1489 1334 sedes
1518 1290 1706 1333 aedibus
1729 1291 1808 1333 de—

174 1367 380 1423 liguntur
417 1370 482 1423 (21
517 1369 641 1423 Sept.
676 1368 762 1422 63).
796 1368 1072 1412 Benedictus
1096 1367 1296 1410 Palmius
1317 1382 1485 1423 magno
1514 1367 1734 1423 applausu
1764 1367 1811 1409 in

175 1446 332 1488 eadem
357 1446 469 1488 urbe
492 1445 786 1488 concionatur
811 1445 990 1502 (18Ju1.
1018 1445 1103 1501 63).

264 1523 314 1565 ΙΝ
337 1523 542 1575 GALLiA,
569 1522 863 1578 collegiorum
887 1521 1143 1566 rutenensis
1161 1528 1205 1564 et
1229 1521 1418 1564 tolosani
1435 1520 1620 1577 negotia
1639 1520 1816 1565 felicius

175 1600 417 1643 decurrere
439 1599 716 1655 incipiebant
738 1600 784 1642 in
806 1600 943 1643 finem
964 1606 1185 1655 vergente
1215 1613 1333 1641 anno
1362 1600 1487 1653 Ι562;
1523 1598 1706 1641 Parisiis
1729 1612 1811 1641 au-

176 1684 266 1720 tem
290 1676 521 1720 saeviebat
543 1677 641 1720 lues
668 1676 849 1729 infesta,
883 1691 971 1731 qua
993 1676 1121 1719 venis
1143 1678 1321 1729 hausta,
1343 1676 1645 1720 decumbebat
1669 1678 1811 1719 Broe-

176 1754 266 1797 tius
289 1768 392 1796 cum
417 1755 588 1797 Ottone
613 1753 866 1797 Briamont:
900 1754 1166 1796 Edmundus
1196 1754 1372 1809 Auger,
1405 1753 1620 1796 Morellus
1649 1759 1694 1796 et
1716 1753 1811 1795 Co—

174 1832 350 1875 drettus
386 1832 538 1874 sructu
579 1832 703 1874 haud
740 1831 1016 1886 poenitendo
1048 1830 1375 1873 concionantur
1410 1832 1451 1885 (4
1488 1832 1600 1874 Dec.
1639 1830 1716 1882 623
1755 1840 1808 1883 25

176 1909 280 1964 Maj.
304 1909 390 1963 63).
409 1909 530 1952 Socii
549 1911 763 1952 Turnone
781 1908 1025 1960 deturbati,
1040 1923 1165 1964 spem
1183 1908 1371 1963 proximi
1389 1921 1625 1963 regressus
1642 1907 1688 1949 in
1706 1921 1813 1963 pro—

175 1986 293 2041 prias
316 1987 447 2030 sedes
465 1985 743 2042 concipiunt.
766 1988 1009 2029 Manareus
1032 1984 1367 2028 commissarius
1385 1984 1560 2028 Galliae
1579 1983 1809 2028 renuntia—

176 2071 265 2115 tur,
292 2070 337 2107 et
364 2078 389 2105 a
410 2063 560 2106 Natali
583 2063 639 2106 de
662 2063 836 2106 ratione
858 2062 995 2118 hujus
1012 2061 1147 2105 officii
1165 2069 1286 2104 recte
1311 2061 1588 2116 exsequendi
1605 2062 1811 2111 edoctus,

178 2140 374 2183 Parisios
397 2140 592 2184 mittitur
623 2141 693 2195 (18
713 2141 826 2198 Jul.,
854 2152 896 2194 7,
935 2153 981 2182 ΙΙ
1008 2146 1053 2182 et
1088 2153 1143 2194 3ο
1172 2140 1298 2194 Sept.
1326 2139 1412 2194 63).
1442 2141 1493 2181 P.
1527 2139 1819 2181 Maldonatus

179 2217 375 2260 Parisios
398 2232 501 2260 cum
533 2219 586 2261 P.
620 2219 836 2274 Venegas
864 2216 1117 2261 destinatur
1141 2218 1210 2273 (22
1236 2217 1362 2268 Oct.,
1395 2230 1421 2272 9
1451 2217 1567 2258 Nov.
1605 2215 1678 2269 63,
1705 2215 1811 2269 etc.)

176 2297 226 2337 In
249 2295 347 2338 aliis
371 2296 553 2338 tandem
575 2294 730 2337 multis
756 2294 941 2337 Polanc'i
963 2292 1180 2349 epistolis,
1202 2293 1258 2335 de
1276 2294 1412 2336 rebus
1435 2291 1625 2343 Galliae,
1648 2292 1703 2333 de
1727 2305 1812 2334 no-

176 2372 245 2414 vis
275 2373 479 2429 collegiis
502 2387 752 2427 eorumque
775 2386 1007 2423 successu,
1029 2371 1085 2413 de
1114 2369 1445 2414 haereticorum
1469 2368 1730 2424 pertinacia,
1758 2369 1815 2410 de

177 2449 396 2505 operariis
435 2449 633 2494 strenuis
671 2457 716 2492 et
754 2448 986 2505 magistris
1024 2447 1203 2492 selectis
1241 2439 1296 2489 ad
1334 2445 1526 2502 collegia
1562 2444 1814 2496 mittendis,

177 2527 366 2583 aliisque
397 2529 533 2570 rebus
563 2527 729 2583 passim
761 2526 908 2569 nuntii
937 2525 1065 2578 varii,
1098 2540 1177 2581 per
1212 2524 1448 2580 episcopos
1478 2524 1550 2567 vel
1581 2523 1819 2579 theologos

178 2604 323 2661 gallos
347 2604 614 2648 Tridentum
639 2604 906 2656 transmissi,
933 2618 1036 2646 cum
1059 2602 1209 2646 Natali
1232 2600 1640 2644 communicantur.

267 2682 541 2725 HISPANIAE
565 2682 690 2734 socii,
717 2681 802 2725 sub
826 2680 960 2725 novis
990 2678 1349 2722 moderatoribus
1379 2693 1404 2720 a
1433 2677 1583 2720 Natali
1615 2682 1824 2721 recenter

179 2758 454 2810 constitutis,
481 2759 745 2815 diligentem
771 2773 954 2815 operam
978 2757 1023 2799 in
1044 2756 1244 2813 genuino
1268 2754 1509 2800 Societatis
1532 2754 1692 2810 spiritu
1715 2767 1844 2810 pro—v

185 2836 413 2878 movendo
436 2850 483 2878 se
507 2851 673 2879 navare
697 2851 752 2879 ex
775 2835 910 2878 variis
933 2833 1133 2890 epistolis
1157 2833 1472 2883 ostendebant,
1500 2846 1690 2886 quarum
1709 2830 1822 2873 aliae

181 2919 290 2955 sunt
328 2927 499 2964 eorum,
534 2913 609 2968 qui
645 2914 700 2956 ad
734 2911 1057 2956 transmarinas
1086 2909 1323 2953 missiones
1352 2910 1425 2952 vel
1458 2908 1504 2950 in
1528 2906 1819 2952 Germaniam

178 2989 424 3041 inhiantes,
450 2992 568 3032 hanc
592 3006 616 3032 a
636 2993 686 3033 P.
716 2991 862 3034 Nadal
879 2989 963 3033 sibi
986 2988 1104 3031 viam
1129 2986 1270 3031 sterni
1292 2987 1585 3042 exoptabant,
1607 2986 1674 3042 (25
1693 2986 1819 3041 Jan.‚.
