1958 3210
635 163 678 199 25
707 155 951 189 DECEMBRIS
981 153 1070 198 1563
1595 160 1666 198 479

43 258 152 303 tenti
179 258 208 300 l’
234 256 460 300 infermita
482 256 527 299 di
550 257 730 311 qualch'
755 255 832 298 vni
861 255 904 298 di
933 255 1081 310 questi
1102 255 1290 312 signori,
1315 257 1400 298 che
1421 254 1467 297 in
1490 256 1661 307 effetto‚·

42 335 221 392 quando
242 333 279 376 si
302 333 425 377 fusse
445 346 575 389 persa
598 333 640 375 la
664 333 765 376 fede
792 331 838 373 in
867 332 1001 387 quell’
1032 331 1195 384 anime,
1223 331 1325 374 facil
1346 346 1454 374 cosa
1474 331 1665 375 sarebbe

37 413 112 457 ch'
138 412 282 454 anche
304 409 334 451 il
352 409 594 465 temporale
612 408 895 464 pericolasse,
915 408 952 451 si
969 410 1078 464 pero
1096 423 1187 451 non
1205 409 1327 451 fusse
1343 408 1510 465 meglio
1526 407 1557 450 il
1573 422 1665 451 non

41 488 228 532 hauerlo
249 488 334 530 che
356 486 572 528 d’hauere
593 501 619 528 a
649 485 757 527 farlo
787 484 957 528 seruire
986 501 1011 527 a
1036 486 1079 527 la
1106 484 1281 541 perdita
1302 485 1347 527 di
1371 492 1494 528 tante
1517 484 1665 528 anime

41 579 120 623 per
141 564 183 608 le
205 562 325 618 quali
347 563 448 606 Iesu
471 563 555 605 Χ.ο
579 563 635 605 N.
662 563 708 605 S.
737 562 850 603 oltra
871 562 1089 605 d'hauere
1117 575 1272 617 sparso
1300 560 1331 603 il
1359 560 1537 616 proprio
1560 575 1666 603 san-

38 655 146 700 gue,
178 640 209 682 il
239 647 357 681 tutto
384 640 443 681 ha
473 638 680 681 ordinato
707 652 786 693 per
814 651 928 680 esse.
961 639 1137 692 Questo
1166 637 1202 680 si
1234 637 1334 680 dice
1363 638 1458 680 solo
1486 638 1524 680 si
1550 638 1666 680 forse

39 725 216 776 potesse
238 715 408 759 seruire
430 716 471 758 al
494 715 684 771 aggiuto
708 715 752 757 di
773 721 931 770 queste
954 715 1102 758 anime
1130 722 1174 758 et
1197 715 1298 758 fede
1320 714 1557 766 catholica,
1583 716 1667 757 che

36 796 302 839 altramente
324 791 595 844 lasciandosi
618 792 784 834 andare
807 792 849 834 la
871 806 976 834 cosa
998 792 1126 836 come
1147 806 1219 844 va,
1240 791 1277 834 si
1294 792 1410 834 vede
1427 790 1668 834 auicinarsi
1721 772 1726 778 ⁵

37 872 231 927 qualche
254 871 427 926 grande
449 867 595 912 ruina.

127 949 169 990 A
193 952 336 1004 tergo:
358 946 469 990 Soli.
500 947 549 988 P.
574 947 717 988 Natal.
744 947 849 988 Alia
873 960 1031 987 mauu:
1059 946 1184 999 1563.
1212 943 1531 987 Informatione
1553 944 1670 988 delle

38 1039 146 1069 cose
168 1024 284 1068 della
307 1023 526 1079 religione
543 1022 588 1064 in
612 1024 646 1065 F
650 1021 820 1065 iandra.

799 1187 921 1226 3472

544 1288 587 1321 P.
616 1286 884 1323 NICOLAUS
912 1285 1162 1323 LANOYUS

295 1378 540 1421 PATRI
587 1376 1080 1420 HIERONYMO
1130 1376 1408 1418 NADAL

494 1479 693 1514 VIENNAE‚
721 1478 765 1515 25
791 1478 1028 1505 DECEMBms
1059 1469 1148 1514 1563
1178 1472 1202 1503 ⁴.

33 1565 69 1594 ι.
85 1556 368 1592 Emolumenta
383 1555 579 1600 quaedam
595 1556 631 1589 et
639 1554 866 1600 privilegia
880 1553 928 1587 ab
942 1554 1185 1600 imperatore
1201 1553 1390 1588 Societati
1403 1547 1671 1599 denegantur.

105 1625 188 1651 —2.
205 1616 300 1662 Spes
318 1615 362 1649 in
379 1614 459 1649 Deo
478 1614 864 1658 constituenda.-——3.
883 1613 995 1657 Quid
1010 1614 1053 1647 in
1070 1614 1130 1647 his
1145 1613 1347 1658 angustiis
1361 1612 1567 1659 agendum
1586 1623 1673 1646 con-

107 1675 309 1718 sulit.—4.
338 1674 527 1707 Votorum
546 1673 807 1707 instauratio:
826 1672 958 1707 altera
979 1672 1159 1718 procella
1183 1672 1402 1706 Tirnaviae
1427 1671 1673 1705 exoritur.—

108 1743 143 1777 5.
168 1733 564 1768 Communicantimn
584 1733 627 1766 in
647 1732 791 1778 templo
801 1731 1054 1778 frequentia.

811 1813 909 1903 Jgs.

133 1955 169 1985 1.
236 1942 377 1985 Molto
410 1941 527 1983 Rdo.
571 1939 616 1981 in
647 1938 732 1982 X.⁰
766 1939 928 1982 Padre.
957 1940 1139 1982 Benche
1162 1939 1203 1981 la
1226 1940 1282 1981 R.
1316 1940 1377 1981 V.
1411 1938 1495 1981 stia
1513 1938 1673 1982 adesso

38 2019 164 2062 fuora
196 2019 253 2061 de
283 2018 538 2073 Alemagna
569 2015 794 2059 visitando
830 2015 861 2057 li
898 2015 1061 2072 collegi
1097 2016 1153 2058 de
1192 2015 1317 2059 Italia
1354 2016 1368 2035 ²
1399 2022 1444 2058 et
1472 2017 1557 2059 che
1594 2030 1674 2071 per

57 2138 78 2142 ’“
111 2127 122 2147 ¹
173 2126 231 2160 Ex
250 2124 504 2170 autographo,
524 2123 563 2157 in
586 2122 684 2157 Cod.
708 2132 758 2167 29
777 2123 829 2167 c),
849 2121 994 2168 duplici
1012 2121 1096 2167 fol.‚
1116 2130 1199 2167 271,
1219 2123 1288 2166 272
1306 2123 1419 2166 (277).

110 2187 124 2206 ‘-'
175 2183 250 2219 Die
279 2192 320 2218 Io
351 2182 580 2218 Decembris
614 2181 704 2226 1563
727 2182 917 2216 Polancus
941 2180 1128 2216 Tridento
1152 2180 1200 2216 ad
1224 2182 1267 2216 P.
1294 2180 1523 2216 Madridium
1549 2180 1674 2216 Patris

42 2243 185 2279 Lainez
204 2248 243 2278 et
260 2242 452 2277 sociorum
477 2241 756 2288 profectionem
782 2241 841 2276 his
868 2240 1000 2276 verbis
1026 2240 1243 2276 nuntiabat:
1274 2242 1389 2276 «Esta
1416 2243 1578 2275 mafiana
1604 2251 1673 2275 nos

44 2303 225 2350 partimos
244 2307 403 2337 nuestro
421 2300 560 2346 Padre,
581 2301 623 2336 P.
644 2300 846 2335 Salmeron
862 2312 888 2346 y
903 2300 946 2334 P.
964 2299 1086 2345 Nadal
1106 2312 1131 2346 y
1145 2311 1194 2346 yo
1208 2311 1281 2335 con
1301 2300 1420 2334 Paulo
1435 2311 1460 2345 y
1475 2299 1673 2334 Ludouico

44 2373 133 2409 para
150 2361 335 2396 venecia.
357 2360 556 2406 Anteayer
575 2359 769 2406 partieron
788 2370 857 2406 por
874 2370 974 2404 agua
992 2359 1091 2404 Joan
1117 2359 1254 2394 Latino
1277 2371 1303 2406 y
1327 2360 1425 2404 Joan
1449 2358 1675 2393 Fernandez

40 2432 114 2456 6011
130 2432 182 2455 vn
200 2420 399 2455 hibernico
418 2419 534 2454 noble
553 2431 578 2465 y
597 2431 648 2453 vn
667 2418 870 2464 thudesco‚
889 2418 1078 2463 nouicios,
1097 2430 1173 2465 que
1188 2430 1263 2452 van
1282 2420 1303 2452 a
1317 2418 1476 2452 Roma.»
1492 2418 1549 2452 Ex
1568 2423 1674 2452 auto-

40 2482 199 2526 grapho,
220 2479 259 2514 in
281 2478 374 2514 Cod.
395 2479 534 2520 PLB.‚
556 2486 625 2522 207
644 2478 759 2523 (207).
784 2479 833 2513 Et
857 2477 992 2513 ultima
1016 2477 1080 2513 die
1105 2477 1280 2524 ejusdem
1304 2477 1450 2512 mensis
1474 2476 1575 2512 idem
1603 2477 1674 2512 Po-

40 2540 172 2576 lancus
191 2539 295 2574 Patri
314 2538 520 2573 Francisco
537 2537 586 2572 de
612 2538 741 2583 Borja,
761 2537 1048 2572 «commissario
1074 2537 1209 2572 Italiae
1235 2541 1274 2571 et
1300 2536 1478 2571 Siciliae»
1503 2537 1599 2571 haec
1624 2536 1673 2571 de

39 2597 162 2634 Patris
194 2598 337 2633 Lainez
366 2609 453 2632 cum
485 2596 601 2632 sociis
631 2596 769 2632 itinere
810 2596 1018 2632 referebat:
1060 2596 1252 2631 «Nuestro
1283 2596 1406 2631 Padre
1437 2607 1551 2642 spero
1586 2598 1671 2630 sera

39 2664 168 2704 presto
187 2669 235 2692 en
253 2658 390 2702 Roma,
408 2656 572 2692 dandole
597 2655 694 2691 Dios
712 2656 823 2691 salud
847 2667 937 2702 para
955 2656 1140 2702 concluyr
1164 2657 1202 2691 lo
1228 2667 1303 2702 que
1322 2667 1371 2690 en
1398 2656 1433 2690 el
1453 2660 1673 2690 entretanto

37 2728 81 2752 se
99 2717 233 2752 vbiere
252 2716 438 2762 pensado‚
458 2727 604 2762 porque
624 2727 674 2761 oy
693 2716 881 2760 llegamos
899 2717 921 2750 a
940 2716 1114 2760 Ferrara,
1134 2727 1160 2761 y
1178 2714 1340 2749 estando
1359 2715 1448 2760 aqui
1465 2717 1628 2749 mafiana
1646 2727 1672 2761 y

40 2777 75 2811 el
91 2775 275 2821 domingo
295 2775 505 2820 siguiente,
526 2774 660 2820 piensa
678 2780 838 2809 nuestro
860 2773 984 2808 Padre
1008 2773 1172 2820 partirse
1198 2775 1232 2808 el
1259 2774 1370 2808 lunes
1389 2775 1410 2808 a
1433 2774 1621 2819 Bologna,
1646 2786 1671 2820 y

39 2834 223 2869 ‘teniendo
242 2835 307 2869 alli
325 2835 381 2868 los
400 2834 530 2880 Reyes
548 2833 590 2879 [i.
610 2845 645 2868 e.
666 2832 809 2868 festum
828 2832 1098 2879 Epiphaniae],
1114 2833 1230 2878 luego
1248 2832 1412 2878 partirse
1436 2843 1503 2879 por
1521 2832 1625 2868 Forli
1644 2844 1669 2878 y

43 2893 180 2929 Loreto
198 2896 219 2928 a
234 2894 368 2928 Roma.
390 2893 513 2928 Viene
533 2893 568 2927 61
587 2893 631 2927 Ρ.
650 2891 720 2928 Μ.ο
739 2892 862 2927 Nadal
878 2892 1050 2927 tambien
1064 2892 1152 2937 alla,
1167 2902 1278 2927 como
1296 2891 1432 2938 pienso
1450 2903 1542 2927 auer
1561 2891 1671 2927 scrit-

42 2957 121 2987 to.»
142 2953 199 2987 Ex
217 2952 471 2998 autographo,
491 2952 529 2986 in
548 2951 684 2986 eodem
705 2952 803 2996 loeo,
825 2950 892 2985 208
911 2953 1023 2995 (515).
