1958 3210
262 228 331 264 550
883 222 1020 258 EPIST.
1049 221 1092 257 P.
1123 222 1273 257 NADAL

259 320 379 363 tibus
401 328 643 375 promotus.
676 319 841 378 [Mag]
884 334 920 364 Ι.
962 324 1089 379 Lego
1119 323 1204 366 iam
1236 323 1416 366 tertium
1446 324 1609 367 librum
1639 327 1694 369 de
1723 325 1886 379 anima3

259 379 433 435 incoepi
463 381 626 424 docere
662 381 1015 436 metaphysicam
1053 381 1124 440 9.⁸⁴
1156 382 1264 440 Julii
1300 384 1426 437 1561,
1459 390 1503 426 et
1536 385 1591 427 ab
1615 400 1667 428 eo
1691 391 1890 440 tempore

257 453 435 493 semper
458 439 564 495 legi.
601 441 668 495 [ΙΙ,
696 451 797 494 225,
825 439 926 499 226]

354 510 387 540 Ι.
456 499 684 542 Llamome
702 501 946 542 Francisco
963 501 1015 542 de
1042 502 1203 543 Vama.
1227 514 1266 543 2.
1291 502 1352 546 So
1369 503 1426 544 de
1450 515 1504 559 29
1522 509 1648 544 anos.
1672 516 1710 556 3.
1735 503 1797 546 So
1815 503 1887 545 del

259 557 529 609 Andaluzia‚
555 559 610 601 de
634 558 767 601 tierra
798 560 854 602 de
893 562 1092 613 Baeca...
1134 573 1199 613 14.
1227 561 1487 604 Recibiome
1519 576 1574 604 en
1605 562 1817 604 Coimbra
1847 562 1888 604 el

261 617 317 663 P.
339 618 419 659 Dr.
447 619 628 669 Το1165,
669 619 860 660 estando
890 634 947 661 en
978 621 1196 675 Portugal
1225 634 1305 675 por
1335 620 1603 663 visitador...
1637 622 1702 663 16.
1740 622 1810 664 Va
1833 636 1889 664 en

260 689 407 719 nueve
430 682 543 719 anos
566 691 654 731 que
676 685 807 733 estoy
829 693 886 721 en
904 679 945 720 la
964 680 1267 734 Compafiia...
1291 692 1357 722 22.
1379 681 1440 724 80
1457 681 1704 723 sacerdote.
1728 693 1795 734 23.
1816 681 1889 724 He

260 735 416 777 estado
440 751 493 778 en
521 736 685 779 Lisboa
706 752 735 791 y
753 751 809 779 en
828 737 1040 780 Coimbra
1058 740 1320 781 ensefiando
1338 740 1448 781 latin
1466 739 1557 781 casi
1576 741 1681 781 todo
1700 740 1740 783 el
1759 739 1891 781 tiem-
1910 790 1913 793 Ι

260 808 332 849 po,
358 803 548 850 excepto
570 811 631 837 vn
654 802 741 837 ano
764 811 852 850 que
875 797 954 851 fuy
976 798 1177 852 prefecto
1199 799 1256 841 de
1279 799 1344 841 los
1366 799 1566 841 estudios
1584 813 1640 841 en
1663 800 1709 842 S.
1737 800 1893 841 Anton

260 853 315 896 de
340 853 520 906 Lisboa,
555 870 584 909 y
614 856 808 911 algunos
840 871 1008 900 messes
1047 858 1335 900 confessor...
1378 857 1620 901 Francisco
1647 859 1703 902 de
1725 859 1888 901 Varea.

264 914 461 968 [11‚251,
496 913 595 973 252]

212 983 220 990 ·
356 985 391 1014 Ι.
459 974 758 1016 Chamao-me
802 975 988 1017 Gabriel
1022 976 1046 1017 ¹.
1077 987 1115 1017 2.
1150 976 1219 1018 De
1247 975 1377 1018 idade
1406 976 1462 1018 de
1492 989 1546 1030 30
1576 991 1717 1018 3111105
1747 990 1894 1031 pouco

261 1031 373 1074 mais
391 1046 449 1074 ou
468 1048 642 1076 menos.
667 1047 707 1088 3.
724 1035 792 1076 De
805 1034 1044 1089 ,prouincia
1062 1035 1118 1077 de
1138 1035 1372 1090 Portugal,
1387 1036 1444 1077 da
1461 1035 1618 1079 cidade
1630 1037 1687 1078 do
1704 1037 1888 1078 Porto...

267 1103 331 1133 Io.
362 1093 557 1135 Trataua
574 1107 599 1135 e
617 1092 868 1148 negociaua
884 1108 943 1135 no
962 1094 1145 1144 mundo,
1172 1108 1197 1136 e
1219 1108 1406 1149 nunqua
1429 1096 1673 1149 estudey...
1707 1107 1771 1148 14.
1793 1096 1892 1150 Fuy

261 1150 473 1193 recebido
497 1167 567 1196 em
586 1153 813 1207 Coymbra
836 1154 936 1208 pelo
961 1155 1012 1195 P.
1035 1154 1138 1195 dom
1158 1153 1362 1196 Inacio...
1391 1155 1455 1197 16.
1479 1155 1553 1196 Ha
1571 1161 1731 1208 quatro
1750 1169 1892 1196 annos

261 1224 349 1264 que
373 1218 532 1267 entrey
566 1227 623 1254 na
656 1212 993 1267 Companhia...
1032 1225 1099 1255 22.
1125 1214 1284 1256 Tenho
1302 1213 1432 1255 todas
1465 1228 1514 1255 as
1543 1214 1706 1255 ordens
1735 1227 1891 1255 meno-

262 1284 346 1313 165.
377 1282 446 1324 23.
475 1272 689 1315 Somente
712 1287 769 1315 en
792 1272 1019 1327 Coymbra
1037 1288 1060 1316 e
1076 1286 1194 1327 aquy
1213 1287 1283 1316 em
1308 1272 1493 1315 Lixboa.
1522 1272 1719 1327 Ensiney
1741 1287 1790 1314 os
1808 1272 1892 1314 mi-

263 1328 395 1371 ninos
413 1345 481 1373 em
506 1331 734 1386 Coymbra
756 1332 837 1374 dez
861 1346 1021 1374 meses:
1054 1331 1233 1387 despois
1261 1331 1410 1387 seruiy
1433 1347 1459 1374 o
1483 1332 1628 1374 officio
1650 1333 1705 1375 de
1728 1346 1893 1386 procu-

263 1389 410 1440 rador,
437 1404 461 1432 e
484 1405 625 1445 agora
643 1405 725 1433 sou
743 1390 979 1433 coadiutor
995 1392 1053 1433 do
1078 1393 1129 1434 P.
1157 1393 1191 1433 F
1195 1390 1398 1433 rancisco
1415 1391 1677 1446 Anrriquez.
1700 1391 1768 1448 [IL
1791 1403 1891 1446 332,

347 1448 481 1565 165115
513 1508 669 1551 Μ3113.
703 1509 1036 1564 Responsiones
1070 1510 1298 1552 Gabafielis
1325 1510 1525 1552 Morales
1553 1510 1609 1552 ad
1638 1509 1893 1564 interroga-

264 1566 410 1609 tiones
434 1568 574 1610 factas
597 1583 622 1610 a
654 1569 767 1611 Rdo.
802 1570 937 1612 Patre
967 1568 1131 1612 Natali.
1165 1570 1240 1611 Ad
1269 1583 1547 1611 communes.
1580 1569 1655 1612 Ad
1684 1568 1888 1624 primam.

262 1627 414 1669 Vocor
447 1628 632 1669 Gabriel
660 1628 875 1670 Morales.
908 1629 959 1670 II.
994 1628 1253 1683 Compleui,
1285 1635 1503 1683 quantum
1532 1629 1690 1680 credo,
1723 1642 1892 1670 annum

262 1700 408 1729 xxxvl
434 1686 552 1729 circa
576 1687 709 1730 finem
734 1687 1005 1730 Nouembris
1028 1689 1100 1731 vel
1122 1687 1385 1730 Decembris
1409 1687 1514 1730 anni
1537 1687 1725 1743 proximi
1744 1694 1868 1742 prete
1889 1715 1894 1719 .

262 1745 335 1787 riti
360 1760 545 1789 MDLxH.
573 1748 645 1789 ΙΙΙ.
673 1748 784 1791 811111
807 1747 1024 1802 hispanus
1046 1747 1244 1799 natione,
1267 1762 1322 1790 ex
1344 1746 1575 1803 prouincia
1594 1747 1789 1790 Castelle
1812 1760 1891 1788 ve-

264 1804 387 1856 teris,
413 1820 468 1847 ex
492 1805 675 1849 ciuitate
699 1807 966 1862 Lucronij...
994 1808 1091 1850 VII.
1119 1808 1315 1862 Quando
1338 1806 1474 1849 statui
1499 1821 1634 1861 agere
1651 1807 1708 1850 de
1730 1820 1830 1850 meo
1847 1805 1893 1847 in

264 1864 537 1908 Societatem
562 1865 789 1921 ingressu,
822 1865 1123 1909 inseruiebam
1151 1866 1319 1919 comiti,
1353 1866 1429 1921 qui
1458 1865 1623 1908 dicitur
1650 1866 1706 1908 de
1736 1865 1892 1908 Bailen

263 1925 348 1966 sub
373 1923 506 1967 titulo
536 1925 821 1969 secretarii...
858 1927 937 1969 IX.
974 1926 1048 1968 Ad
1082 1940 1231 1969 xxv111
1265 1925 1433 1969 mensis
1466 1925 1571 1980 Maij
1607 1924 1797 1980 proximi
1819 1939 1892 1967 se-

263 1983 444 2038 quentis
467 1991 600 2027 erunt
623 1992 816 2039 quatuor
833 1985 938 2027 anni
962 1986 1082 2039 quod
1105 1984 1168 2027 fui
1191 1984 1236 2027 in
1268 1985 1541 2029 Societatem
1570 1990 1780 2039 receptus
1803 1985 1895 2026 Ro-

264 2057 378 2094 mae,
410 2051 455 2085 et
484 2044 766 2087 examinatus
795 2051 902 2087 tunc
938 2044 1129 2100 primum
1169 2059 1195 2087 a
1232 2043 1511 2088 Reuerendis
1542 2043 1753 2086 Patribus
1783 2042 1895 2085 assi-

264 2102 489 2144 stentibus
513 2104 568 2146 de
591 2103 859 2157 quibusdam
882 2105 1033 2155 rebus,
1060 2103 1223 2148 deinde
1241 2103 1395 2159 paucis
1413 2110 1514 2159 post
1531 2103 1691 2147 diebus
1709 2101 1895 2145 seorsim

265 2176 290 2204 a
313 2163 427 2204 Rdo.
458 2165 508 2205 P.
540 2164 753 2217 Polanco,
780 2163 979 2219 generali
1003 2162 1244 2207 Societatis
1265 2162 1528 2206 examine...
1555 2163 1633 2205 XI.
1656 2163 1767 2206 Sum
1790 2175 1894 2216 pro-
1920 2189 1923 2192 »

264 2228 415 2264 motus
438 2222 494 2263 ad
516 2221 819 2265 diaconatum.
846 2224 943 2266 XII.
972 2222 1056 2265 Fui
1081 2224 1249 2266 Romae
1277 2222 1324 2264 in
1353 2223 1486 2265 domo
1519 2220 1757 2265 Societatis
1780 2227 1826 2263 et
1847 2220 1891 2262 in

264 2281 554 2338 coll[egio]——
577 2308 634 2313 —
664 2283 678 2302 ‘·'
712 2289 757 2326 et
795 2282 982 2326 Vienae.
1016 2282 1090 2325 Ad
1119 2281 1477 2338 interogationes
1505 2279 1890 2323 scholasticorum.

265 2341 340 2382 Ad
364 2340 566 2395 primam.
594 2341 642 2385 Si
666 2347 843 2397 tempus
865 2356 1067 2385 meorum
1090 2341 1341 2384 studiorum
1360 2342 1415 2384 ab
1433 2340 1560 2383 initio
1577 2346 1830 2394 computem
1849 2345 1894 2382 et

265 2413 423 2442 verum
455 2408 546 2452 est,
579 2408 627 2442 ut
658 2402 812 2453 credo,
838 2415 910 2443 me
938 2402 1105 2444 habere
1135 2400 1321 2456 triginta
1348 2415 1427 2444 sex
1456 2414 1613 2442 annos:
1646 2400 1759 2441 forte
1788 2406 1893 2440 sunt

264 2458 353 2501 iam
382 2460 619 2515 plusquam
650 2460 813 2515 viginti
846 2462 936 2503 duo
968 2460 1088 2516 quod
1118 2460 1215 2515 cepi
1249 2461 1432 2503 studere
1461 2459 1602 2515 prima
1637 2457 1893 2500 rudimenta

265 2519 603 2573 grammaticae.
631 2521 723 2563 Sed
743 2519 921 2564 interim
945 2520 1082 2563 habui
1111 2521 1273 2562 multas
1302 2526 1347 2562 et
1374 2520 1534 2574 longas
1563 2516 1892 2572 interpollatio-

265 2593 361 2621 nes.
390 2580 649 2634 Antequam
672 2579 872 2623 venirem
891 2580 947 2621 ad
965 2579 1236 2623 Societatem
1256 2578 1359 2621 dedi
1377 2593 1554 2634 operam
1574 2575 1894 2633 grammaticae

266 2644 356 2680 tres
376 2653 517 2680 annos
536 2639 636 2693 plus
654 2639 804 2681 minus
822 2638 1051 2694 Lucronij,
1073 2637 1316 2690 Victoriae,
1338 2637 1383 2679 in
1401 2637 1584 2680 ciuitate
1602 2637 1649 2680 S.
1671 2634 1894 2678 Dominici

266 2696 562 2741 Calciatensis
585 2706 630 2740 et
661 2699 906 2753 Compluti:
939 2698 1101 2741 deinde
1130 2697 1283 2740 cursui
1312 2696 1618 2752 philosophiae
1647 2702 1691 2738 et
1720 2696 1895 2737 mathe-

265 2756 440 2799 maticis
474 2757 720 2813 Compluti3
757 2757 893 2812 idque
926 2757 971 2800 in
1005 2757 1149 2813 spatio
1182 2764 1375 2812 quatuor
1407 2769 1645 2806 annorum,
1670 2753 1775 2797 licet
1806 2768 1895 2796 non

338 2913 346 2931 ¹
398 2911 442 2945 In
465 2909 558 2945 Cod.
585 2920 621 2954 5,
648 2911 787 2946 Natal.
814 2912 931 2946 instr.
968 2911 1111 2956 Lusit.,
1143 2910 1183 2945 ff.
1213 2917 1293 2955 179,
1323 2909 1403 2954 180,
1432 2909 1494 2944 hic
1525 2907 1706 2944 scribitur
1732 2906 1896 2942 Gabriel

262 2957 430 3004 Afonso.
451 2957 552 2993 Vide
572 2959 701 3005 Epist.
720 2959 877 3002 Natal.,
898 2958 928 3003 Ι,
948 2967 1036 3003 700.

333 3008 346 3026 ‘²
398 3005 542 3041 Charta
560 3012 789 3050 consumpta
808 3012 882 3051 est,
903 3011 943 3041 et
961 3005 1115 3053 aliquod
1135 3006 1298 3040 verbum
1317 3003 1575 3039 desideratur.
