1958 3210
834 148 921 192 1562
1644 154 1693 198 89

152 292 260 335 179
762 305 1002 335 SEGOUIAE

821 449 930 481 1562

149 559 237 602 Hic
255 568 380 603 erant
399 559 682 602 incommode
699 567 744 604 et
761 561 931 614 absque
951 560 1230 615 fundatione,
1243 563 1300 606 de
1318 577 1406 617 qua
1424 563 1589 619 agebat
1606 565 1688 607 do—

62 644 157 680 ctor
194 635 411 680 Solierius
442 650 544 679 cum
575 643 771 692 cognato
800 636 1211 692 archipresbytero,
1252 652 1355 681 cum
1383 653 1472 693 quo
1506 642 1515 661 ¹
1547 655 1686 696 quum

59 727 295 770 ageremus
318 719 363 755 et
384 712 676 755 condiciones
698 712 903 768 exigeret
931 712 1136 764 dificiles,
1168 714 1301 769 plane
1330 716 1487 758 censui
1518 731 1686 759 renun-

55 790 254 833 tiandum
276 791 555 844 presbytero,
578 790 696 832 nolle
713 803 820 831 suos
838 796 1088 844 prouentus
1106 789 1322 845 recipere,
1348 805 1432 833 nec
1457 792 1694 836 fundatio-¹

55 882 173 919 nem,
204 866 325 922 quod
354 867 536 908 factum.
572 864 834 920 Synceritas
864 865 1104 908 Societatis
1133 872 1177 910 et
1206 867 1554 923 magnanimitas
1582 883 1687 924 per—

55 950 221 1000 specta,
252 942 258 1000 Ι
287 950 332 986 et
356 943 524 984 factum
549 945 604 985 ab
628 942 837 985 omnibus
860 943 1121 997 probatum.
1150 943 1506 999 Designauimus
1530 960 1685 989 emen-

55 1021 155 1063 dam
178 1021 360 1062 domum
384 1019 543 1074 Erasij,
570 1020 694 1074 quod
716 1018 948 1063 successit.
977 1019 1186 1071 Visitaui,
1212 1029 1299 1063 etc.
1322 1021 1354 1063 ².

142 1099 297 1152 Quum
326 1095 572 1152 Segouiam
598 1096 768 1140 adirem
797 1097 853 1140 ad
888 1104 1087 1140 montem
1123 1097 1275 1153 frigidi
1305 1098 1442 1141 fontis
1473 1113 1630 1142 sumus
1658 1114 1684 1141 e

54 1174 224 1216 niuium
247 1173 561 1229 magnitudine
583 1173 837 1229 periclitati:
864 1173 1028 1229 eripuit
1051 1188 1132 1216 nos
1155 1174 1395 1217 Dominus.

140 1293 257 1335 180
778 1305 956 1335 AUILAE

137 1406 240 1448 Huc
269 1405 493 1448 euocabar
521 1403 652 1446 anxie
687 1410 870 1459 propter
900 1403 1076 1455 turbas,
1110 1418 1223 1458 quae
1252 1404 1531 1448 incesserant
1567 1406 1682 1449 inter

46 1489 263 1526 rectorem
278 1482 458 1525 Salazar
473 1487 518 1524 et
536 1480 814 1536 episcopum.
829 1480 1009 1523 Rectori
1024 1488 1310 1536 persuaserat
1324 1482 1535 1526 dominus
1550 1485 1680 1539 Xpo—

49 1559 186 1611 forus,
206 1565 254 1600 vt
277 1558 539 1600 admoneret
555 1557 819 1613 episcopum
837 1558 894 1600 de
912 1559 1104 1612 quadam
1122 1557 1387 1613 suspitione,
1401 1573 1535 1613 quam
1554 1558 1680 1603 vide-

47 1637 179 1678 batur
200 1636 323 1686 dare,
349 1642 435 1677 etc.

134 1713 287 1768 Aegre
311 1711 412 1754 tulit
435 1711 688 1767 episcopus:
715 1711 912 1754 minatus
934 1718 1017 1753 est:
1044 1712 1192 1754 bonus
1216 1718 1364 1756 rector
1392 1713 1680 1756 confirmauit

46 1789 242 1832 animum
267 1788 474 1832 ferociter
494 1788 538 1830 in
562 1795 803 1844 suggestu:
832 1803 903 1832 res
927 1795 1022 1831 erat
1043 1787 1197 1830 dificili
1213 1789 1328 1831 loco.
1350 1788 1455 1831 Fuit
1472 1790 1677 1844 placatus

44 1865 299 1921 episcopus,
320 1873 364 1907 et
382 1872 532 1908 tamen
550 1864 671 1907 illinc
689 1871 889 1908 remotus
916 1864 923 1921 Ι
953 1865 1149 1908 Salazar.
1173 1866 1263 1909 Sed
1287 1865 1526 1922 episcopus
1548 1874 1675 1922 post-

45 1957 97 1986 ea
118 1942 247 1984 diluit
268 1942 387 1986 illam
411 1941 730 1997 suspicionem,
752 1949 836 1984 etc.

130 2019 340 2071 Visitaui,
361 2025 448 2061 etc.

129 2096 214 2152 Egi
237 2110 339 2138 cum
363 2097 414 2138 P.
444 2095 626 2138 Medina
647 2096 703 2137 de
726 2095 903 2151 collegij
929 2094 1208 2138 fundatione.

130 2215 229 2271 1¹81
692 2228 1026 2258 SALMANTICAE

128 2328 212 2384 Egj
237 2342 339 2370 cum
363 2327 528 2370 comite
549 2328 640 2370 don
662 2327 941 2383 Hieronymo
962 2327 1018 2370 de
1048 2326 1313 2369 fundatione
1334 2325 1512 2381 collegij
1537 2340 1666 2368 mon-

43 2404 297 2460 teregiensi,
322 2411 368 2448 et
389 2404 613 2447 dificulter
635 2403 832 2460 quidem,
857 2410 1041 2459 propter
1058 2403 1154 2447 eius
1173 2401 1376 2458 peritiam
1400 2401 1447 2443 in
1470 2401 1666 2457 negotiis

41 2481 266 2536 gerendis,
291 2489 336 2524 et
360 2489 506 2524 tamen
531 2482 684 2524 datum
708 2488 777 2523 est
798 2480 980 2535 aliquod
1002 2479 1285 2535 principium,
1307 2479 1427 2534 quod
1443 2478 1515 2534 alij
1533 2479 1663 2535 sequi

36 2565 230 2612 possent.
258 2558 466 2610 Visitaui,
497 2566 584 2601 etc.
617 2558 705 2601 Hic
727 2558 820 2600 vidi
843 2560 1045 2601 Pennam
1069 2564 1113 2599 et
1134 2558 1406 2610 Nauarrum,
1436 2562 1524 2600 etc.
1556 2557 1663 2600 Non

32 2634 218 2688 probaui
239 2642 287 2677 vt
304 2642 541 2690 propterea
556 2634 848 2678 visitarentur
871 2633 1002 2677 amici
1025 2641 1071 2677 et
1092 2640 1325 2676 matronae
1351 2631 1360 2689 Ι
1387 2632 1509 2687 quod
1540 2632 1663 2677 elee—

32 2723 244 2766 mosynae
265 2713 321 2754 ab
344 2711 429 2754 illis
450 2718 811 2767 expectarentur.

111 2893 120 2913 ¹
171 2894 259 2938 Ms.‚
279 2906 353 2940 quo
371 2907 460 2941 quo.

107 2954 120 2972 ²
171 2952 425 2998 SACCfflNus,
445 2955 517 2989 loc.
538 2955 621 2999 cit.,
641 2955 708 2990 lib.
728 2963 783 2999 vl,
803 2967 840 2989 n.
860 2953 919 2988 63.
