<?xml version="1.0" encoding="UTF-8"?>
<!DOCTYPE html PUBLIC "-//W3C//DTD XHTML 1.0 Transitional//EN"
    "http://www.w3.org/TR/xhtml1/DTD/xhtml1-transitional.dtd">
<html xmlns="http://www.w3.org/1999/xhtml" xml:lang="en" lang="en">
 <head>
  <title>
</title>
<meta http-equiv="Content-Type" content="text/html;charset=utf-8" />
  <meta name='ocr-system' content='tesseract 3.04.00' />
  <meta name='ocr-capabilities' content='ocr_page ocr_carea ocr_par ocr_line ocrx_word'/>
</head>
<body>
  <div class='ocr_page' id='page_1' title='image "./epistolaephieron09nada_0441.png"; bbox 0 0 1958 3210; ppageno 0'>
   <div class='ocr_carea' id='block_1_1' title="bbox 687 156 1690 214">
    <p class='ocr_par' dir='ltr' id='par_1_1' title="bbox 687 156 1690 214">
     <span class='ocr_line' id='line_1_1' title="bbox 687 156 1690 214; baseline -0.003 -9"><span class='ocrx_word' id='word_1_1' title='bbox 687 179 709 214; x_wconf 91' lang='lat'>9</span> <span class='ocrx_word' id='word_1_2' title='bbox 734 167 948 205; x_wconf 76' lang='lat' dir='ltr'><em>OCTOBRxs</em></span> <span class='ocrx_word' id='word_1_3' title='bbox 978 166 1067 213; x_wconf 84' lang='lat'>1563</span> <span class='ocrx_word' id='word_1_4' title='bbox 1122 156 1127 164; x_wconf 68' lang='lat'><em>⁷</em></span> <span class='ocrx_word' id='word_1_5' title='bbox 1621 178 1690 213; x_wconf 84' lang='lat'><em>405</em></span> 
     </span>
    </p>
   </div>
   <div class='ocr_carea' id='block_1_2' title="bbox 0 255 1690 1325">
    <p class='ocr_par' dir='ltr' id='par_1_2' title="bbox 0 255 1690 1325">
     <span class='ocr_line' id='line_1_2' title="bbox 0 255 1690 328; baseline -0.001 -15"><span class='ocrx_word' id='word_1_6' title='bbox 0 255 1 258; x_wconf 11' lang='grc' dir='ltr'><strong>Ἴ</strong></span> <span class='ocrx_word' id='word_1_7' title='bbox 64 283 204 313; x_wconf 79' lang='lat' dir='ltr'><em>manu</em></span> <span class='ocrx_word' id='word_1_8' title='bbox 214 269 418 324; x_wconf 81' lang='lat' dir='ltr'><em>perlatas</em></span> <span class='ocrx_word' id='word_1_9' title='bbox 441 270 615 311; x_wconf 85' lang='lat' dir='ltr'><em>litteras</em></span> <span class='ocrx_word' id='word_1_10' title='bbox 645 270 910 312; x_wconf 71' lang='lat' dir='ltr'><em>Tridentum</em></span> <span class='ocrx_word' id='word_1_11' title='bbox 934 270 1103 313; x_wconf 84' lang='lat' dir='ltr'><em>scribit.</em></span> <span class='ocrx_word' id='word_1_12' title='bbox 1126 270 1183 312; x_wconf 77' lang='lat' dir='ltr'><em>Iri</em></span> <span class='ocrx_word' id='word_1_13' title='bbox 1205 271 1265 312; x_wconf 86' lang='lat' dir='ltr'><em>iis</em></span> <span class='ocrx_word' id='word_1_14' title='bbox 1287 274 1435 312; x_wconf 81' lang='lat' dir='ltr'><em>autem</em></span> <span class='ocrx_word' id='word_1_15' title='bbox 1454 271 1690 328; x_wconf 79' lang='lat' dir='ltr'><em>informa-</em></span> 
     </span>
     <span class='ocr_line' id='line_1_3' title="bbox 43 345 1689 403; baseline 0 -14"><span class='ocrx_word' id='word_1_16' title='bbox 43 347 203 394; x_wconf 80' lang='lat' dir='ltr'><em>tiones</em></span> <span class='ocrx_word' id='word_1_17' title='bbox 219 345 272 387; x_wconf 86' lang='lat' dir='ltr'><em>de</em></span> <span class='ocrx_word' id='word_1_18' title='bbox 293 346 388 401; x_wconf 82' lang='lat' dir='ltr'><em>ipso</em></span> <span class='ocrx_word' id='word_1_19' title='bbox 415 347 643 403; x_wconf 81' lang='lat' dir='ltr'><em>Gregorio</em></span> <span class='ocrx_word' id='word_1_20' title='bbox 664 350 706 389; x_wconf 83' lang='lat' dir='ltr'><em>et</em></span> <span class='ocrx_word' id='word_1_21' title='bbox 732 348 785 389; x_wconf 84' lang='lat' dir='ltr'><em>de</em></span> <span class='ocrx_word' id='word_1_22' title='bbox 816 348 921 389; x_wconf 85' lang='lat' dir='ltr'><em>aliis</em></span> <span class='ocrx_word' id='word_1_23' title='bbox 944 348 1155 390; x_wconf 77' lang='lat' dir='ltr'><em>Natalem</em></span> <span class='ocrx_word' id='word_1_24' title='bbox 1179 348 1353 390; x_wconf 76' lang='lat' dir='ltr'><em>dedisse</em></span> <span class='ocrx_word' id='word_1_25' title='bbox 1375 349 1574 391; x_wconf 85' lang='lat' dir='ltr'><em>asseruit</em></span> <span class='ocrx_word' id='word_1_26' title='bbox 1596 349 1689 390; x_wconf 93' lang='lat' dir='ltr'><em>Po—</em></span> 
     </span>
     <span class='ocr_line' id='line_1_4' title="bbox 62 422 1690 479; baseline 0.001 -14"><span class='ocrx_word' id='word_1_27' title='bbox 62 422 470 466; x_wconf 72' lang='lat' dir='ltr'><em>lancusMadridio</em></span> <span class='ocrx_word' id='word_1_28' title='bbox 500 424 701 466; x_wconf 77' lang='lat' dir='ltr'><em>scribens</em></span> <span class='ocrx_word' id='word_1_29' title='bbox 730 424 801 466; x_wconf 86' lang='lat' dir='ltr'><em>die</em></span> <span class='ocrx_word' id='word_1_30' title='bbox 831 435 887 477; x_wconf 80' lang='grc'><em>14</em></span> <span class='ocrx_word' id='word_1_31' title='bbox 914 424 1118 467; x_wconf 72' lang='lat' dir='ltr'><em>Octobris</em></span> <span class='ocrx_word' id='word_1_32' title='bbox 1143 427 1227 478; x_wconf 80' lang='lat'><em>156</em></span> <span class='ocrx_word' id='word_1_33' title='bbox 1231 436 1255 479; x_wconf 99' lang='grc'><em>3</em></span> <span class='ocrx_word' id='word_1_34' title='bbox 1280 426 1329 466; x_wconf 72' lang='lat' dir='ltr'><em>in</em></span> <span class='ocrx_word' id='word_1_35' title='bbox 1351 425 1471 467; x_wconf 77' lang='lat' dir='ltr'><em>lianc</em></span> <span class='ocrx_word' id='word_1_36' title='bbox 1492 425 1690 466; x_wconf 79' lang='lat' dir='ltr'><em>modum:</em></span> 
     </span>
     <span class='ocr_line' id='line_1_5' title="bbox 68 500 1690 559; baseline 0.003 -21"><span class='ocrx_word' id='word_1_37' title='bbox 68 500 203 541; x_wconf 82' lang='lat' dir='ltr'><em>«Esta</em></span> <span class='ocrx_word' id='word_1_38' title='bbox 219 503 423 541; x_wconf 65' lang='lat' dir='ltr'><em>matiana</em></span> <span class='ocrx_word' id='word_1_39' title='bbox 434 501 589 554; x_wconf 78' lang='lat' dir='ltr'><em>partio</em></span> <span class='ocrx_word' id='word_1_40' title='bbox 606 501 658 542; x_wconf 83' lang='lat' dir='ltr'><em>de</em></span> <span class='ocrx_word' id='word_1_41' title='bbox 676 502 785 556; x_wconf 75' lang='lat' dir='ltr'><em>aqui</em></span> <span class='ocrx_word' id='word_1_42' title='bbox 802 501 840 543; x_wconf 83' lang='lat' dir='ltr'><em>el</em></span> <span class='ocrx_word' id='word_1_43' title='bbox 857 501 911 543; x_wconf 89' lang='lat' dir='ltr'><em>M</em></span> <span class='ocrx_word' id='word_1_44' title='bbox 911 505 995 543; x_wconf 89' lang='lat' dir='ltr'><em>tro.</em></span> <span class='ocrx_word' id='word_1_45' title='bbox 1022 502 1250 558; x_wconf 78' lang='lat' dir='ltr'><em>Gregorio</em></span> <span class='ocrx_word' id='word_1_46' title='bbox 1268 502 1464 559; x_wconf 80' lang='lat' dir='ltr'><em>Roseffio</em></span> <span class='ocrx_word' id='word_1_47' title='bbox 1486 504 1494 523; x_wconf 87' lang='lat'><strong>¹</strong></span> <span class='ocrx_word' id='word_1_48' title='bbox 1515 502 1690 544; x_wconf 81' lang='lat' dir='ltr'><em>tudesco</em></span> 
     </span>
     <span class='ocr_line' id='line_1_6' title="bbox 63 576 1690 635; baseline 0.001 -18"><span class='ocrx_word' id='word_1_49' title='bbox 63 590 145 631; x_wconf 77' lang='lat' dir='ltr'><em>que</em></span> <span class='ocrx_word' id='word_1_50' title='bbox 166 591 227 617; x_wconf 82' lang='lat' dir='ltr'><em>ua</em></span> <span class='ocrx_word' id='word_1_51' title='bbox 249 576 277 617; x_wconf 85' lang='grc' dir='ltr'><em>ά</em></span> <span class='ocrx_word' id='word_1_52' title='bbox 299 577 461 618; x_wconf 75' lang='lat' dir='ltr'><em>Roma,</em></span> <span class='ocrx_word' id='word_1_53' title='bbox 488 577 552 618; x_wconf 90' lang='lat' dir='ltr'><em>Es</em></span> <span class='ocrx_word' id='word_1_54' title='bbox 575 592 639 619; x_wconf 82' lang='lat' dir='ltr'><em>un</em></span> <span class='ocrx_word' id='word_1_55' title='bbox 662 592 766 633; x_wconf 72' lang='lat' dir='ltr'><em>may</em></span> <span class='ocrx_word' id='word_1_56' title='bbox 795 578 909 620; x_wconf 76' lang='lat' dir='ltr'><em>bicen</em></span> <span class='ocrx_word' id='word_1_57' title='bbox 932 582 1089 635; x_wconf 80' lang='lat' dir='ltr'><em>sugeto</em></span> <span class='ocrx_word' id='word_1_58' title='bbox 1113 594 1142 634; x_wconf 73' lang='lat' dir='ltr'><em>y</em></span> <span class='ocrx_word' id='word_1_59' title='bbox 1170 579 1283 620; x_wconf 77' lang='lat' dir='ltr'><em>bicen</em></span> <span class='ocrx_word' id='word_1_60' title='bbox 1312 580 1541 635; x_wconf 77' lang='lat' dir='ltr'><em>religioso,</em></span> <span class='ocrx_word' id='word_1_61' title='bbox 1570 595 1598 635; x_wconf 76' lang='lat' dir='ltr'><em>y</em></span> <span class='ocrx_word' id='word_1_62' title='bbox 1631 579 1690 620; x_wconf 81' lang='lat' dir='ltr'><em>lia</em></span> 
     </span>
     <span class='ocr_line' id='line_1_7' title="bbox 63 653 1690 713; baseline 0.002 -19"><span class='ocrx_word' id='word_1_63' title='bbox 63 653 289 695; x_wconf 84' lang='lat' dir='ltr'><em>mostrado</em></span> <span class='ocrx_word' id='word_1_64' title='bbox 306 654 469 709; x_wconf 82' lang='lat' dir='ltr'><em>gratia</em></span> <span class='ocrx_word' id='word_1_65' title='bbox 490 667 545 696; x_wconf 81' lang='lat' dir='ltr'><em>en</em></span> <span class='ocrx_word' id='word_1_66' title='bbox 568 655 606 696; x_wconf 82' lang='lat' dir='ltr'><em>el</em></span> <span class='ocrx_word' id='word_1_67' title='bbox 619 654 839 709; x_wconf 81' lang='lat' dir='ltr'><em>predicar</em></span> <span class='ocrx_word' id='word_1_68' title='bbox 856 668 911 696; x_wconf 79' lang='lat' dir='ltr'><em>en</em></span> <span class='ocrx_word' id='word_1_69' title='bbox 938 656 1112 697; x_wconf 76' lang='lat' dir='ltr'><em>Vienna</em></span> <span class='ocrx_word' id='word_1_70' title='bbox 1125 671 1154 711; x_wconf 77' lang='lat' dir='ltr'><em>y</em></span> <span class='ocrx_word' id='word_1_71' title='bbox 1171 670 1226 698; x_wconf 73' lang='lat' dir='ltr'><em>en</em></span> <span class='ocrx_word' id='word_1_72' title='bbox 1245 658 1459 713; x_wconf 79' lang='lat' dir='ltr'><em>Augusta</em></span> <span class='ocrx_word' id='word_1_73' title='bbox 1476 671 1531 698; x_wconf 78' lang='lat' dir='ltr'><em>en</em></span> <span class='ocrx_word' id='word_1_74' title='bbox 1550 657 1690 712; x_wconf 77' lang='lat' dir='ltr'><em>lugar</em></span> 
     </span>
     <span class='ocr_line' id='line_1_8' title="bbox 62 730 1690 789; baseline 0.002 -17"><span class='ocrx_word' id='word_1_75' title='bbox 62 730 132 773; x_wconf 79' lang='lat' dir='ltr'><em>del</em></span> <span class='ocrx_word' id='word_1_76' title='bbox 153 731 210 772; x_wconf 89' lang='lat' dir='ltr'><em>P.</em></span> <span class='ocrx_word' id='word_1_77' title='bbox 243 731 441 773; x_wconf 77' lang='lat' dir='ltr'><em>Canisio.</em></span> <span class='ocrx_word' id='word_1_78' title='bbox 472 732 642 773; x_wconf 89' lang='lat' dir='ltr'><em>Parece</em></span> <span class='ocrx_word' id='word_1_79' title='bbox 663 732 709 773; x_wconf 84' lang='lat' dir='ltr'><em>al</em></span> <span class='ocrx_word' id='word_1_80' title='bbox 731 733 790 774; x_wconf 91' lang='lat' dir='ltr'><em>P.</em></span> <span class='ocrx_word' id='word_1_81' title='bbox 819 732 972 773; x_wconf 80' lang='lat' dir='ltr'><em>Nadal</em></span> <span class='ocrx_word' id='word_1_82' title='bbox 989 747 1085 788; x_wconf 77' lang='lat' dir='ltr'><em>que,</em></span> <span class='ocrx_word' id='word_1_83' title='bbox 1104 747 1284 788; x_wconf 68' lang='lat' dir='ltr'><em>aurique</em></span> <span class='ocrx_word' id='word_1_84' title='bbox 1301 748 1359 774; x_wconf 76' lang='lat' dir='ltr'><em>no</em></span> <span class='ocrx_word' id='word_1_85' title='bbox 1375 738 1480 789; x_wconf 84' lang='lat' dir='ltr'><em>sepa</em></span> <span class='ocrx_word' id='word_1_86' title='bbox 1502 733 1690 775; x_wconf 72' lang='lat' dir='ltr'><em>mitellas</em></span> 
     </span>
     <span class='ocr_line' id='line_1_9' title="bbox 10 808 1689 865; baseline 0.001 -17"><span class='ocrx_word' id='word_1_87' title='bbox 10 842 13 843; x_wconf 14' lang='grc' dir='ltr'><em>γ</em></span> <span class='ocrx_word' id='word_1_88' title='bbox 64 810 197 859; x_wconf 83' lang='lat' dir='ltr'><em>artes,</em></span> <span class='ocrx_word' id='word_1_89' title='bbox 213 811 329 862; x_wconf 75' lang='lat' dir='ltr'><em>pices</em></span> <span class='ocrx_word' id='word_1_90' title='bbox 352 821 398 849; x_wconf 90' lang='lat' dir='ltr'><em>es</em></span> <span class='ocrx_word' id='word_1_91' title='bbox 420 811 616 850; x_wconf 88' lang='lat' dir='ltr'><em>maestro</em></span> <span class='ocrx_word' id='word_1_92' title='bbox 638 822 690 849; x_wconf 69' lang='lat' dir='ltr'><em>eii</em></span> <span class='ocrx_word' id='word_1_93' title='bbox 715 808 837 860; x_wconf 85' lang='lat' dir='ltr'><em>ellas,</em></span> <span class='ocrx_word' id='word_1_94' title='bbox 863 823 892 864; x_wconf 74' lang='lat' dir='ltr'><em>y</em></span> <span class='ocrx_word' id='word_1_95' title='bbox 913 809 1062 864; x_wconf 76' lang='lat' dir='ltr'><em>podra</em></span> <span class='ocrx_word' id='word_1_96' title='bbox 1090 824 1165 852; x_wconf 92' lang='lat' dir='ltr'><em>ser</em></span> <span class='ocrx_word' id='word_1_97' title='bbox 1185 813 1339 865; x_wconf 78' lang='lat' dir='ltr'><em>presto</em></span> <span class='ocrx_word' id='word_1_98' title='bbox 1368 824 1473 865; x_wconf 68' lang='lat' dir='ltr'><em>may</em></span> <span class='ocrx_word' id='word_1_99' title='bbox 1500 811 1607 852; x_wconf 79' lang='lat' dir='ltr'><em>utile</em></span> <span class='ocrx_word' id='word_1_100' title='bbox 1634 824 1689 851; x_wconf 77' lang='lat' dir='ltr'><em>eri</em></span> 
     </span>
     <span class='ocr_line' id='line_1_10' title="bbox 67 884 1687 943; baseline 0.001 -16"><span class='ocrx_word' id='word_1_101' title='bbox 67 884 333 936; x_wconf 78' lang='lat' dir='ltr'><em>Germania,</em></span> <span class='ocrx_word' id='word_1_102' title='bbox 357 899 440 940; x_wconf 83' lang='lat' dir='ltr'><em>que</em></span> <span class='ocrx_word' id='word_1_103' title='bbox 461 885 553 926; x_wconf 77' lang='lat' dir='ltr'><em>alla</em></span> <span class='ocrx_word' id='word_1_104' title='bbox 575 886 613 927; x_wconf 88' lang='lat' dir='ltr'><em>Ze</em></span> <span class='ocrx_word' id='word_1_105' title='bbox 636 885 797 942; x_wconf 76' lang='lat' dir='ltr'><em>hagan</em></span> <span class='ocrx_word' id='word_1_106' title='bbox 823 887 1030 928; x_wconf 79' lang='lat' dir='ltr'><em>estudz&#39;ar</em></span> <span class='ocrx_word' id='word_1_107' title='bbox 1053 887 1290 943; x_wconf 74' lang='lat' dir='ltr'><em>theologia.</em></span> <span class='ocrx_word' id='word_1_108' title='bbox 1318 887 1549 929; x_wconf 75' lang='lat' dir='ltr'><em>Partiran</em></span> <span class='ocrx_word' id='word_1_109' title='bbox 1572 890 1687 929; x_wconf 89' lang='lat' dir='ltr'><em>tam—</em></span> 
     </span>
     <span class='ocr_line' id='line_1_11' title="bbox 60 960 1690 1020; baseline 0.002 -18"><span class='ocrx_word' id='word_1_110' title='bbox 60 960 159 1002; x_wconf 77' lang='lat' dir='ltr'><em>bie&#39;n</em></span> <span class='ocrx_word' id='word_1_111' title='bbox 182 965 384 1002; x_wconf 66' lang='lat' dir='ltr'><em>mariana</em></span> <span class='ocrx_word' id='word_1_112' title='bbox 401 962 454 1003; x_wconf 86' lang='lat' dir='ltr'><em>de</em></span> <span class='ocrx_word' id='word_1_113' title='bbox 470 962 592 1017; x_wconf 80' lang='lat' dir='ltr'><em>aqui,</em></span> <span class='ocrx_word' id='word_1_114' title='bbox 604 963 841 1018; x_wconf 80' lang='lat' dir='ltr'><em>placiendo</em></span> <span class='ocrx_word' id='word_1_115' title='bbox 858 963 885 1004; x_wconf 81' lang='grc' dir='ltr'>ά</span> <span class='ocrx_word' id='word_1_116' title='bbox 903 964 1031 1015; x_wconf 79' lang='lat' dir='ltr'><em>Dios,</em></span> <span class='ocrx_word' id='word_1_117' title='bbox 1055 978 1119 1005; x_wconf 70' lang='lat' dir='ltr'><em>ian</em></span> <span class='ocrx_word' id='word_1_118' title='bbox 1142 964 1292 1020; x_wconf 76' lang='lat' dir='ltr'><em>ingles</em></span> <span class='ocrx_word' id='word_1_119' title='bbox 1315 978 1399 1019; x_wconf 78' lang='lat' dir='ltr'><em>que</em></span> <span class='ocrx_word' id='word_1_120' title='bbox 1422 964 1481 1005; x_wconf 75' lang='lat' dir='ltr'><em>ha</em></span> <span class='ocrx_word' id='word_1_121' title='bbox 1497 964 1605 1019; x_wconf 74' lang='lat' dir='ltr'><em>oydo</em></span> <span class='ocrx_word' id='word_1_122' title='bbox 1623 964 1690 1005; x_wconf 87' lang='lat' dir='ltr'><em>las</em></span> 
     </span>
     <span class='ocr_line' id='line_1_12' title="bbox 58 1037 1689 1096; baseline 0.001 -17"><span class='ocrx_word' id='word_1_123' title='bbox 58 1041 182 1079; x_wconf 86' lang='lat' dir='ltr'><em>artes</em></span> <span class='ocrx_word' id='word_1_124' title='bbox 204 1038 253 1079; x_wconf 79' lang='lat' dir='ltr'><em>in</em></span> <span class='ocrx_word' id='word_1_125' title='bbox 282 1037 486 1090; x_wconf 78' lang='lat' dir='ltr'><em>Ossonio,</em></span> <span class='ocrx_word' id='word_1_126' title='bbox 505 1053 534 1094; x_wconf 81' lang='lat' dir='ltr'><em>y</em></span> <span class='ocrx_word' id='word_1_127' title='bbox 563 1053 656 1080; x_wconf 79' lang='lat' dir='ltr'><em>aun</em></span> <span class='ocrx_word' id='word_1_128' title='bbox 686 1039 808 1095; x_wconf 76' lang='lat' dir='ltr'><em>leydo</em></span> <span class='ocrx_word' id='word_1_129' title='bbox 823 1043 958 1094; x_wconf 80' lang='lat' dir='ltr'><em>parte</em></span> <span class='ocrx_word' id='word_1_130' title='bbox 987 1040 1143 1092; x_wconf 79' lang='lat' dir='ltr'><em>deltos,</em></span> <span class='ocrx_word' id='word_1_131' title='bbox 1165 1055 1193 1096; x_wconf 73' lang='lat' dir='ltr'><em>y</em></span> <span class='ocrx_word' id='word_1_132' title='bbox 1216 1040 1347 1082; x_wconf 84' lang='lat' dir='ltr'><em>desea</em></span> <span class='ocrx_word' id='word_1_133' title='bbox 1369 1054 1443 1082; x_wconf 93' lang='lat' dir='ltr'><em>ser</em></span> <span class='ocrx_word' id='word_1_134' title='bbox 1472 1040 1689 1082; x_wconf 86' lang='lat' dir='ltr'><em>admitido</em></span> 
     </span>
     <span class='ocr_line' id='line_1_13' title="bbox 59 1115 1690 1174; baseline 0.001 -18"><span class='ocrx_word' id='word_1_135' title='bbox 59 1115 175 1156; x_wconf 78' lang='lat' dir='ltr'><em>enta</em></span> <span class='ocrx_word' id='word_1_136' title='bbox 201 1115 466 1170; x_wconf 65' lang='lat' dir='ltr'><em>Compaiiia.</em></span> <span class='ocrx_word' id='word_1_137' title='bbox 492 1116 640 1158; x_wconf 82' lang='lat' dir='ltr'><em>Auisa</em></span> <span class='ocrx_word' id='word_1_138' title='bbox 662 1116 714 1158; x_wconf 81' lang='lat' dir='ltr'><em>de</em></span> <span class='ocrx_word' id='word_1_139' title='bbox 736 1117 956 1172; x_wconf 74' lang='lat' dir='ltr'><em>Louayna</em></span> <span class='ocrx_word' id='word_1_140' title='bbox 979 1118 1017 1158; x_wconf 83' lang='lat' dir='ltr'><em>el</em></span> <span class='ocrx_word' id='word_1_141' title='bbox 1039 1121 1185 1159; x_wconf 88' lang='lat' dir='ltr'><em>rector</em></span> <span class='ocrx_word' id='word_1_142' title='bbox 1207 1117 1344 1160; x_wconf 85' lang='lat' dir='ltr'><em>Mtro.</em></span> <span class='ocrx_word' id='word_1_143' title='bbox 1365 1117 1528 1174; x_wconf 77' lang='lat' dir='ltr'><em>jacobo</em></span> <span class='ocrx_word' id='word_1_144' title='bbox 1550 1130 1633 1172; x_wconf 80' lang='lat' dir='ltr'><em>que</em></span> <span class='ocrx_word' id='word_1_145' title='bbox 1650 1117 1690 1158; x_wconf 84' lang='lat' dir='ltr'><em>lo</em></span> 
     </span>
     <span class='ocr_line' id='line_1_14' title="bbox 57 1191 1690 1250; baseline 0.002 -18"><span class='ocrx_word' id='word_1_146' title='bbox 57 1205 211 1233; x_wconf 84' lang='lat' dir='ltr'><em>conoce</em></span> <span class='ocrx_word' id='word_1_147' title='bbox 233 1206 338 1247; x_wconf 74' lang='lat' dir='ltr'><em>may</em></span> <span class='ocrx_word' id='word_1_148' title='bbox 361 1191 506 1234; x_wconf 71' lang='lat' dir='ltr'><em>buewa</em></span> <span class='ocrx_word' id='word_1_149' title='bbox 521 1197 735 1248; x_wconf 75' lang='lat' dir='ltr'><em>persona,</em></span> <span class='ocrx_word' id='word_1_150' title='bbox 755 1207 784 1248; x_wconf 79' lang='lat' dir='ltr'><em>y</em></span> <span class='ocrx_word' id='word_1_151' title='bbox 806 1193 937 1235; x_wconf 82' lang='lat' dir='ltr'><em>desde</em></span> <span class='ocrx_word' id='word_1_152' title='bbox 954 1194 1222 1250; x_wconf 78' lang='lat' dir='ltr'><em>Iriglaterra</em></span> <span class='ocrx_word' id='word_1_153' title='bbox 1242 1193 1301 1236; x_wconf 85' lang='lat' dir='ltr'><em>lza</em></span> <span class='ocrx_word' id='word_1_154' title='bbox 1323 1194 1488 1236; x_wconf 76' lang='lat' dir='ltr'><em>ueriido</em></span> <span class='ocrx_word' id='word_1_155' title='bbox 1505 1208 1584 1236; x_wconf 78' lang='lat' dir='ltr'><em>con</em></span> <span class='ocrx_word' id='word_1_156' title='bbox 1602 1197 1690 1236; x_wconf 87' lang='lat' dir='ltr'><em>este</em></span> 
     </span>
     <span class='ocr_line' id='line_1_15' title="bbox 57 1266 1689 1325; baseline 0.002 -16"><span class='ocrx_word' id='word_1_157' title='bbox 57 1268 211 1310; x_wconf 69' lang='lat' dir='ltr'><em>animo</em></span> <span class='ocrx_word' id='word_1_158' title='bbox 241 1266 298 1310; x_wconf 60' lang='grc' dir='ltr'><em>Ξ.»</em></span> <span class='ocrx_word' id='word_1_159' title='bbox 334 1269 582 1311; x_wconf 90' lang='lat' dir='ltr'><em>Praeterea</em></span> <span class='ocrx_word' id='word_1_160' title='bbox 611 1283 666 1311; x_wconf 83' lang='lat' dir='ltr'><em>ex</em></span> <span class='ocrx_word' id='word_1_161' title='bbox 694 1270 875 1325; x_wconf 79' lang='lat' dir='ltr'><em>epistola</em></span> <span class='ocrx_word' id='word_1_162' title='bbox 901 1280 986 1323; x_wconf 84' lang='grc'><em>323</em></span> <span class='ocrx_word' id='word_1_163' title='bbox 1014 1271 1183 1313; x_wconf 75' lang='lat' dir='ltr'><em>scimus</em></span> <span class='ocrx_word' id='word_1_164' title='bbox 1214 1272 1426 1313; x_wconf 78' lang='lat' dir='ltr'><em>Natalem</em></span> <span class='ocrx_word' id='word_1_165' title='bbox 1455 1271 1608 1313; x_wconf 81' lang='lat' dir='ltr'><em>diebus</em></span> <span class='ocrx_word' id='word_1_166' title='bbox 1635 1282 1689 1313; x_wconf 89' lang='grc' dir='ltr'><em>Ιο</em></span> 
     </span>
    </p>
   </div>
   <div class='ocr_carea' id='block_1_3' title="bbox 49 1344 1689 1473">
    <p class='ocr_par' dir='ltr' id='par_1_3' title="bbox 49 1344 1689 1473">
     <span class='ocr_line' id='line_1_16' title="bbox 58 1344 1689 1404; baseline 0.002 -18"><span class='ocrx_word' id='word_1_167' title='bbox 58 1347 97 1386; x_wconf 87' lang='lat' dir='ltr'><em>et</em></span> <span class='ocrx_word' id='word_1_168' title='bbox 125 1356 179 1398; x_wconf 88' lang='grc'><em>13</em></span> <span class='ocrx_word' id='word_1_169' title='bbox 224 1344 426 1387; x_wconf 80' lang='lat' dir='ltr'><em>Octobris</em></span> <span class='ocrx_word' id='word_1_170' title='bbox 452 1347 587 1388; x_wconf 87' lang='lat' dir='ltr'><em>varia</em></span> <span class='ocrx_word' id='word_1_171' title='bbox 617 1347 677 1388; x_wconf 84' lang='lat' dir='ltr'><em>ad</em></span> <span class='ocrx_word' id='word_1_172' title='bbox 706 1347 915 1403; x_wconf 75' lang='lat' dir='ltr'><em>regimen</em></span> <span class='ocrx_word' id='word_1_173' title='bbox 944 1347 1236 1403; x_wconf 80' lang='lat' dir='ltr'><em>collegiorum</em></span> <span class='ocrx_word' id='word_1_174' title='bbox 1261 1361 1599 1404; x_wconf 77' lang='lat' dir='ltr'><em>germanorum</em></span> <span class='ocrx_word' id='word_1_175' title='bbox 1630 1347 1689 1389; x_wconf 83' lang='lat' dir='ltr'><em>ad</em></span> 
     </span>
     <span class='ocr_line' id='line_1_17' title="bbox 49 1417 1688 1473; baseline 0.002 -16"><span class='ocrx_word' id='word_1_176' title='bbox 49 1417 361 1471; x_wconf 80' lang='lat' dir='ltr'><em>praepositum</em></span> <span class='ocrx_word' id='word_1_177' title='bbox 391 1418 657 1473; x_wconf 77' lang='lat' dir='ltr'><em>generalem</em></span> <span class='ocrx_word' id='word_1_178' title='bbox 690 1419 912 1460; x_wconf 80' lang='lat' dir='ltr'><em>retulisse.</em></span> <span class='ocrx_word' id='word_1_179' title='bbox 944 1420 1033 1460; x_wconf 89' lang='lat' dir='ltr'><em>Die</em></span> <span class='ocrx_word' id='word_1_180' title='bbox 1061 1433 1165 1460; x_wconf 83' lang='lat' dir='ltr'><em>vero</em></span> <span class='ocrx_word' id='word_1_181' title='bbox 1205 1430 1260 1472; x_wconf 78' lang='grc'><em>14</em></span> <span class='ocrx_word' id='word_1_182' title='bbox 1304 1419 1507 1461; x_wconf 81' lang='lat' dir='ltr'><em>Octobris</em></span> <span class='ocrx_word' id='word_1_183' title='bbox 1543 1419 1688 1461; x_wconf 72' lang='lat' dir='ltr'><em>demto</em></span> 
     </span>
    </p>
   </div>
   <div class='ocr_carea' id='block_1_4' title="bbox 52 1493 1688 1627">
    <p class='ocr_par' dir='ltr' id='par_1_4' title="bbox 52 1493 1688 1627">
     <span class='ocr_line' id='line_1_18' title="bbox 52 1493 1688 1551; baseline 0.002 -17"><span class='ocrx_word' id='word_1_184' title='bbox 52 1493 256 1535; x_wconf 84' lang='lat' dir='ltr'><em>eumdem</em></span> <span class='ocrx_word' id='word_1_185' title='bbox 278 1493 330 1535; x_wconf 85' lang='lat' dir='ltr'><em>de</em></span> <span class='ocrx_word' id='word_1_186' title='bbox 352 1494 484 1536; x_wconf 82' lang='lat' dir='ltr'><em>rebus</em></span> <span class='ocrx_word' id='word_1_187' title='bbox 513 1495 790 1537; x_wconf 78' lang='lat' dir='ltr'><em>Germaniae</em></span> <span class='ocrx_word' id='word_1_188' title='bbox 812 1495 871 1537; x_wconf 78' lang='lat' dir='ltr'><em>ad</em></span> <span class='ocrx_word' id='word_1_189' title='bbox 895 1496 1117 1537; x_wconf 73' lang='lat' dir='ltr'><em>Lainiicm</em></span> <span class='ocrx_word' id='word_1_190' title='bbox 1141 1497 1379 1551; x_wconf 79' lang='lat' dir='ltr'><em>scripsisse</em></span> <span class='ocrx_word' id='word_1_191' title='bbox 1402 1497 1611 1538; x_wconf 76' lang='lat' dir='ltr'><em>novimus</em></span> <span class='ocrx_word' id='word_1_192' title='bbox 1633 1510 1688 1538; x_wconf 82' lang='lat' dir='ltr'><em>ex</em></span> 
     </span>
     <span class='ocr_line' id='line_1_19' title="bbox 60 1569 707 1627; baseline 0.005 -17"><span class='ocrx_word' id='word_1_193' title='bbox 60 1569 242 1624; x_wconf 80' lang='lat' dir='ltr'><em>epistola</em></span> <span class='ocrx_word' id='word_1_194' title='bbox 264 1570 345 1612; x_wconf 84' lang='lat' dir='ltr'><em>sub</em></span> <span class='ocrx_word' id='word_1_195' title='bbox 366 1585 413 1613; x_wconf 82' lang='lat' dir='ltr'><em>n.</em></span> <span class='ocrx_word' id='word_1_196' title='bbox 443 1582 498 1625; x_wconf 84' lang='grc'><em>32</em></span> <span class='ocrx_word' id='word_1_197' title='bbox 500 1581 527 1625; x_wconf 78' lang='lat'>5</span> <span class='ocrx_word' id='word_1_198' title='bbox 542 1572 707 1627; x_wconf 77' lang='lat' dir='ltr'><em>posita.</em></span> 
     </span>
    </p>
   </div>
   <div class='ocr_carea' id='block_1_5' title="bbox 519 1719 1213 1848">
    <p class='ocr_par' dir='ltr' id='par_1_5' title="bbox 519 1719 1213 1848">
     <span class='ocr_line' id='line_1_20' title="bbox 817 1719 935 1758; baseline 0 0"><span class='ocrx_word' id='word_1_199' title='bbox 817 1719 935 1758; x_wconf 77' lang='lat'><em>319</em></span> 
     </span>
     <span class='ocr_line' id='line_1_21' title="bbox 519 1801 1213 1848; baseline 0.006 -12"><span class='ocrx_word' id='word_1_200' title='bbox 519 1802 567 1837; x_wconf 88' lang='grc' dir='ltr'><em>Ρ.</em></span> <span class='ocrx_word' id='word_1_201' title='bbox 599 1801 839 1848; x_wconf 83' lang='lat' dir='ltr'>JOANNES</span> <span class='ocrx_word' id='word_1_202' title='bbox 867 1804 935 1838; x_wconf 85' lang='lat' dir='ltr'><em>DE</em></span> <span class='ocrx_word' id='word_1_203' title='bbox 962 1802 1213 1840; x_wconf 82' lang='lat' dir='ltr'><strong>POLANCO</strong></span> 
     </span>
    </p>
   </div>
   <div class='ocr_carea' id='block_1_6' title="bbox 700 1880 1040 1915">
    <p class='ocr_par' dir='ltr' id='par_1_6' title="bbox 700 1880 1040 1915">
     <span class='ocr_line' id='line_1_22' title="bbox 700 1880 1040 1915; baseline 0.003 -1"><span class='ocrx_word' id='word_1_204' title='bbox 700 1891 748 1914; x_wconf 82' lang='lat' dir='ltr'><em>ex</em></span> <span class='ocrx_word' id='word_1_205' title='bbox 766 1880 1040 1915; x_wconf 84' lang='lat' dir='ltr'><em>commissione</em></span> 
     </span>
    </p>
   </div>
   <div class='ocr_carea' id='block_1_7' title="bbox 314 1964 1427 2103">
    <p class='ocr_par' dir='ltr' id='par_1_7' title="bbox 314 1964 1427 2103">
     <span class='ocr_line' id='line_1_23' title="bbox 314 1964 1427 2008; baseline 0.002 -2"><span class='ocrx_word' id='word_1_206' title='bbox 314 1964 559 2006; x_wconf 85' lang='lat' dir='ltr'><strong>PATRI</strong></span> <span class='ocrx_word' id='word_1_207' title='bbox 607 1965 1102 2008; x_wconf 88' lang='lat' dir='ltr'><em>HIERONYMO</em></span> <span class='ocrx_word' id='word_1_208' title='bbox 1151 1965 1427 2008; x_wconf 91' lang='lat' dir='ltr'><strong>NADAL</strong></span> 
     </span>
     <span class='ocr_line' id='line_1_24' title="bbox 532 2057 1195 2103; baseline 0.002 -10"><span class='ocrx_word' id='word_1_209' title='bbox 532 2067 746 2102; x_wconf 82' lang='lat' dir='ltr'>TRIDENTI,</span> <span class='ocrx_word' id='word_1_210' title='bbox 773 2069 795 2103; x_wconf 88' lang='lat'>9</span> <span class='ocrx_word' id='word_1_211' title='bbox 821 2067 1028 2094; x_wconf 83' lang='lat' dir='ltr'>OCTOBRIS</span> <span class='ocrx_word' id='word_1_212' title='bbox 1058 2057 1147 2103; x_wconf 84' lang='lat'>1563</span> <span class='ocrx_word' id='word_1_213' title='bbox 1165 2060 1195 2094; x_wconf 76' lang='lat'><em>³.</em></span> 
     </span>
    </p>
   </div>
   <div class='ocr_carea' id='block_1_8' title="bbox 55 2145 1687 2313">
    <p class='ocr_par' dir='ltr' id='par_1_8' title="bbox 55 2145 1687 2313">
     <span class='ocr_line' id='line_1_25' title="bbox 55 2145 1687 2192; baseline 0.001 -12"><span class='ocrx_word' id='word_1_214' title='bbox 55 2145 129 2180; x_wconf 90' lang='lat'><em>1-6.</em></span> <span class='ocrx_word' id='word_1_215' title='bbox 161 2145 222 2181; x_wconf 89' lang='lat' dir='ltr'><em>De</em></span> <span class='ocrx_word' id='word_1_216' title='bbox 246 2147 362 2181; x_wconf 87' lang='lat' dir='ltr'><em>sociis</em></span> <span class='ocrx_word' id='word_1_217' title='bbox 391 2146 521 2181; x_wconf 87' lang='lat' dir='ltr'><em>Roma</em></span> <span class='ocrx_word' id='word_1_218' title='bbox 549 2147 594 2182; x_wconf 83' lang='lat' dir='ltr'><em>in</em></span> <span class='ocrx_word' id='word_1_219' title='bbox 627 2146 893 2182; x_wconf 82' lang='lat' dir='ltr'><em>Germaniam</em></span> <span class='ocrx_word' id='word_1_220' title='bbox 918 2151 1095 2182; x_wconf 82' lang='lat' dir='ltr'><em>recenter</em></span> <span class='ocrx_word' id='word_1_221' title='bbox 1124 2148 1364 2192; x_wconf 88' lang='lat' dir='ltr'><em>missis.—·-7.</em></span> <span class='ocrx_word' id='word_1_222' title='bbox 1397 2147 1687 2182; x_wconf 56' lang='lat' dir='ltr'><em>Militantis.—</em></span> 
     </span>
     <span class='ocr_line' id='line_1_26' title="bbox 125 2205 1680 2254; baseline -0.001 -14"><span class='ocrx_word' id='word_1_223' title='bbox 125 2205 225 2240; x_wconf 83' lang='grc'>8-10.</span> <span class='ocrx_word' id='word_1_224' title='bbox 246 2205 306 2241; x_wconf 87' lang='lat' dir='ltr'><em>De</em></span> <span class='ocrx_word' id='word_1_225' title='bbox 314 2205 629 2252; x_wconf 78' lang='lat' dir='ltr'><em>fundationibus</em></span> <span class='ocrx_word' id='word_1_226' title='bbox 647 2207 907 2254; x_wconf 83' lang='lat' dir='ltr'><em>collegiorum</em></span> <span class='ocrx_word' id='word_1_227' title='bbox 922 2207 1182 2254; x_wconf 77' lang='lat' dir='ltr'><em>Ingolstadii,</em></span> <span class='ocrx_word' id='word_1_228' title='bbox 1202 2207 1404 2242; x_wconf 69' lang='lat' dir='ltr'><em>Ilffonaclzii</em></span> <span class='ocrx_word' id='word_1_229' title='bbox 1417 2209 1453 2241; x_wconf 85' lang='lat' dir='ltr'><em>et</em></span> <span class='ocrx_word' id='word_1_230' title='bbox 1466 2206 1680 2252; x_wconf 82' lang='lat' dir='ltr'><em>Dilingae.</em></span> 
     </span>
     <span class='ocr_line' id='line_1_27' title="bbox 125 2264 1593 2313; baseline 0.001 -14"><span class='ocrx_word' id='word_1_231' title='bbox 125 2273 180 2299; x_wconf 88' lang='grc' dir='ltr'><em>ΙΙ.</em></span> <span class='ocrx_word' id='word_1_232' title='bbox 200 2264 261 2300; x_wconf 92' lang='lat' dir='ltr'><em>De</em></span> <span class='ocrx_word' id='word_1_233' title='bbox 279 2265 333 2301; x_wconf 91' lang='lat' dir='ltr'><em>P.</em></span> <span class='ocrx_word' id='word_1_234' title='bbox 366 2266 541 2300; x_wconf 88' lang='lat' dir='ltr'><em>Victoria</em></span> <span class='ocrx_word' id='word_1_235' title='bbox 559 2268 595 2301; x_wconf 87' lang='lat' dir='ltr'><em>et</em></span> <span class='ocrx_word' id='word_1_236' title='bbox 612 2267 659 2301; x_wconf 82' lang='lat' dir='ltr'><em>de</em></span> <span class='ocrx_word' id='word_1_237' title='bbox 677 2267 849 2313; x_wconf 76' lang='lat' dir='ltr'><em>negotiis</em></span> <span class='ocrx_word' id='word_1_238' title='bbox 867 2267 945 2313; x_wconf 78' lang='lat' dir='ltr'><em>ipsi</em></span> <span class='ocrx_word' id='word_1_239' title='bbox 963 2267 1310 2302; x_wconf 82' lang='lat' dir='ltr'><em>commissiS.—12.</em></span> <span class='ocrx_word' id='word_1_240' title='bbox 1332 2266 1393 2301; x_wconf 88' lang='lat' dir='ltr'><em>De</em></span> <span class='ocrx_word' id='word_1_241' title='bbox 1410 2266 1593 2301; x_wconf 76' lang='lat' dir='ltr'><em>concilio.</em></span> 
     </span>
    </p>
   </div>
   <div class='ocr_carea' id='block_1_9' title="bbox 54 2348 1685 2482">
    <p class='ocr_par' dir='ltr' id='par_1_9' title="bbox 54 2348 1685 2482">
     <span class='ocr_line' id='line_1_28' title="bbox 150 2348 1685 2404; baseline -0.001 -14"><span class='ocrx_word' id='word_1_242' title='bbox 150 2360 185 2390; x_wconf 90' lang='grc' dir='ltr'><em>Ι.</em></span> <span class='ocrx_word' id='word_1_243' title='bbox 253 2350 348 2391; x_wconf 81' lang='lat' dir='ltr'><em>Pax</em></span> <span class='ocrx_word' id='word_1_244' title='bbox 369 2348 475 2404; x_wconf 89' lang='lat' dir='ltr'><em>Xpi.</em></span> <span class='ocrx_word' id='word_1_245' title='bbox 502 2348 644 2393; x_wconf 90' lang='lat' dir='ltr'><em>Ahier</em></span> <span class='ocrx_word' id='word_1_246' title='bbox 666 2349 801 2392; x_wconf 86' lang='lat' dir='ltr'><em>scriui</em></span> <span class='ocrx_word' id='word_1_247' title='bbox 825 2353 851 2392; x_wconf 59' lang='lat' dir='ltr'><em>a</em></span> <span class='ocrx_word' id='word_1_248' title='bbox 872 2351 930 2392; x_wconf 91' lang='lat' dir='ltr'><em>V.</em></span> <span class='ocrx_word' id='word_1_249' title='bbox 958 2351 1010 2392; x_wconf 82' lang='lat' dir='ltr'><em>R.</em></span> <span class='ocrx_word' id='word_1_250' title='bbox 1039 2364 1124 2392; x_wconf 82' lang='lat' dir='ltr'><em>con</em></span> <span class='ocrx_word' id='word_1_251' title='bbox 1147 2350 1189 2403; x_wconf 85' lang='lat' dir='ltr'><em>xj</em></span> <span class='ocrx_word' id='word_1_252' title='bbox 1214 2349 1354 2392; x_wconf 82' lang='lat' dir='ltr'><em>delos</em></span> <span class='ocrx_word' id='word_1_253' title='bbox 1372 2354 1581 2390; x_wconf 78' lang='lat' dir='ltr'><em>nuestros</em></span> <span class='ocrx_word' id='word_1_254' title='bbox 1598 2361 1685 2402; x_wconf 81' lang='lat' dir='ltr'><em>que</em></span> 
     </span>
     <span class='ocr_line' id='line_1_29' title="bbox 54 2424 1685 2482; baseline -0.001 -16"><span class='ocrx_word' id='word_1_255' title='bbox 54 2424 141 2467; x_wconf 63' lang='lat' dir='ltr'><em>alla</em></span> <span class='ocrx_word' id='word_1_256' title='bbox 169 2425 328 2469; x_wconf 88' lang='lat' dir='ltr'><em>fueron</em></span> <span class='ocrx_word' id='word_1_257' title='bbox 358 2426 385 2468; x_wconf 70' lang='lat'><em>⁴.</em></span> <span class='ocrx_word' id='word_1_258' title='bbox 418 2426 484 2469; x_wconf 80' lang='lat' dir='ltr'><em>La</em></span> <span class='ocrx_word' id='word_1_259' title='bbox 511 2433 721 2482; x_wconf 78' lang='lat' dir='ltr'><em>presente</em></span> <span class='ocrx_word' id='word_1_260' title='bbox 750 2427 868 2470; x_wconf 81' lang='lat' dir='ltr'><em>lleua</em></span> <span class='ocrx_word' id='word_1_261' title='bbox 895 2428 937 2470; x_wconf 82' lang='lat' dir='ltr'><em>el</em></span> <span class='ocrx_word' id='word_1_262' title='bbox 965 2428 1022 2469; x_wconf 88' lang='lat' dir='ltr'><em>D.</em></span> <span class='ocrx_word' id='word_1_263' title='bbox 1055 2427 1264 2468; x_wconf 90' lang='lat' dir='ltr'><em>Emundo</em></span> <span class='ocrx_word' id='word_1_264' title='bbox 1292 2433 1421 2468; x_wconf 77' lang='lat' dir='ltr'><em>scoto</em></span> <span class='ocrx_word' id='word_1_265' title='bbox 1450 2439 1534 2466; x_wconf 83' lang='lat' dir='ltr'><em>con</em></span> <span class='ocrx_word' id='word_1_266' title='bbox 1563 2431 1685 2466; x_wconf 85' lang='lat' dir='ltr'><em>otros</em></span> 
     </span>
    </p>
   </div>
   <div class='ocr_carea' id='block_1_10' title="bbox 63 2519 256 2525">
    <p class='ocr_par' dir='ltr' id='par_1_10' title="bbox 63 2519 256 2525">
     <span class='ocr_line' id='line_1_30' title="bbox 63 2519 256 2525; baseline 0 0"><span class='ocrx_word' id='word_1_267' title='bbox 63 2519 256 2525; x_wconf 95' lang='lat' dir='ltr'><em> </em></span> 
     </span>
    </p>
   </div>
   <div class='ocr_carea' id='block_1_11' title="bbox 57 2562 1685 2728">
    <p class='ocr_par' dir='ltr' id='par_1_11' title="bbox 57 2562 1685 2728">
     <span class='ocr_line' id='line_1_31' title="bbox 57 2562 1685 2610; baseline -0.002 -11"><span class='ocrx_word' id='word_1_268' title='bbox 57 2572 60 2574; x_wconf 75' lang='grc'>’</span> <span class='ocrx_word' id='word_1_269' title='bbox 131 2565 140 2584; x_wconf 82' lang='lat'><strong>¹</strong></span> <span class='ocrx_word' id='word_1_270' title='bbox 191 2564 250 2598; x_wconf 92' lang='lat' dir='ltr'><em>De</em></span> <span class='ocrx_word' id='word_1_271' title='bbox 275 2563 465 2609; x_wconf 86' lang='lat' dir='ltr'><em>Gregorio</em></span> <span class='ocrx_word' id='word_1_272' title='bbox 495 2563 664 2598; x_wconf 85' lang='lat' dir='ltr'><em>Roseffio</em></span> <span class='ocrx_word' id='word_1_273' title='bbox 694 2563 916 2610; x_wconf 86' lang='lat' dir='ltr'><em>(Rossefeg,</em></span> <span class='ocrx_word' id='word_1_274' title='bbox 948 2562 1206 2606; x_wconf 52' lang='lat' dir='ltr'><em>&amp;Volfschedb</em></span> <span class='ocrx_word' id='word_1_275' title='bbox 1236 2562 1291 2597; x_wconf 85' lang='lat' dir='ltr'><em>cf.</em></span> <span class='ocrx_word' id='word_1_276' title='bbox 1327 2563 1685 2606; x_wconf 81' lang='lat' dir='ltr'>BRAUNSBERGER,</span> 
     </span>
     <span class='ocr_line' id='line_1_32' title="bbox 57 2621 636 2668; baseline 0.007 -13"><span class='ocrx_word' id='word_1_277' title='bbox 57 2621 135 2656; x_wconf 92' lang='lat' dir='ltr'><em>loc.</em></span> <span class='ocrx_word' id='word_1_278' title='bbox 159 2621 242 2668; x_wconf 84' lang='lat' dir='ltr'><em>cit.,</em></span> <span class='ocrx_word' id='word_1_279' title='bbox 261 2622 331 2666; x_wconf 80' lang='grc' dir='ltr'>ΙΙΙ,</span> <span class='ocrx_word' id='word_1_280' title='bbox 350 2621 410 2668; x_wconf 86' lang='lat'><em>37,</em></span> <span class='ocrx_word' id='word_1_281' title='bbox 429 2627 566 2659; x_wconf 87' lang='lat' dir='ltr'><em>annot.</em></span> <span class='ocrx_word' id='word_1_282' title='bbox 595 2631 636 2667; x_wconf 89' lang='lat'><em>7.</em></span> 
     </span>
     <span class='ocr_line' id='line_1_33' title="bbox 127 2681 1042 2728; baseline 0.001 -12"><span class='ocrx_word' id='word_1_283' title='bbox 127 2684 140 2702; x_wconf 68' lang='lat'><em>“2</em></span> <span class='ocrx_word' id='word_1_284' title='bbox 190 2681 248 2716; x_wconf 86' lang='lat' dir='ltr'><em>Ex</em></span> <span class='ocrx_word' id='word_1_285' title='bbox 267 2682 492 2728; x_wconf 82' lang='lat' dir='ltr'><em>archetypo,</em></span> <span class='ocrx_word' id='word_1_286' title='bbox 511 2681 551 2717; x_wconf 91' lang='lat' dir='ltr'><em>in</em></span> <span class='ocrx_word' id='word_1_287' title='bbox 572 2681 671 2717; x_wconf 84' lang='lat' dir='ltr'><em>Cod.</em></span> <span class='ocrx_word' id='word_1_288' title='bbox 695 2682 816 2725; x_wconf 88' lang='lat' dir='ltr'><em>PLB,</em></span> <span class='ocrx_word' id='word_1_289' title='bbox 843 2681 908 2726; x_wconf 87' lang='lat'><em>189</em></span> <span class='ocrx_word' id='word_1_290' title='bbox 926 2684 1042 2727; x_wconf 84' lang='lat'><strong>(174).</strong></span> 
     </span>
    </p>
   </div>
   <div class='ocr_carea' id='block_1_12' title="bbox 129 2736 1764 2787">
    <p class='ocr_par' dir='ltr' id='par_1_12' title="bbox 129 2736 1764 2787">
     <span class='ocr_line' id='line_1_34' title="bbox 129 2736 1764 2787; baseline -0.002 -12"><span class='ocrx_word' id='word_1_291' title='bbox 129 2741 143 2760; x_wconf 76' lang='lat'>⁵</span> <span class='ocrx_word' id='word_1_292' title='bbox 192 2741 251 2775; x_wconf 88' lang='lat' dir='ltr'><em>Ex</em></span> <span class='ocrx_word' id='word_1_293' title='bbox 274 2741 461 2786; x_wconf 83' lang='lat' dir='ltr'><em>Regesto,</em></span> <span class='ocrx_word' id='word_1_294' title='bbox 493 2740 592 2776; x_wconf 87' lang='lat' dir='ltr'><em>Cod.</em></span> <span class='ocrx_word' id='word_1_295' title='bbox 619 2751 662 2787; x_wconf 80' lang='lat'><em>33</em></span> <span class='ocrx_word' id='word_1_296' title='bbox 680 2742 725 2786; x_wconf 86' lang='lat' dir='ltr'><em>d)</em></span> <span class='ocrx_word' id='word_1_297' title='bbox 750 2741 793 2777; x_wconf 86' lang='lat' dir='ltr'><em>ff.</em></span> <span class='ocrx_word' id='word_1_298' title='bbox 825 2741 908 2787; x_wconf 81' lang='lat'><strong>264,</strong></span> <span class='ocrx_word' id='word_1_299' title='bbox 934 2741 1020 2785; x_wconf 82' lang='lat'><strong>265.</strong></span> <span class='ocrx_word' id='word_1_300' title='bbox 1050 2741 1094 2776; x_wconf 89' lang='lat' dir='ltr'><em>In</em></span> <span class='ocrx_word' id='word_1_301' title='bbox 1120 2740 1308 2786; x_wconf 85' lang='lat' dir='ltr'><em>margine:</em></span> <span class='ocrx_word' id='word_1_302' title='bbox 1336 2739 1384 2773; x_wconf 91' lang='lat' dir='ltr'><em>P.</em></span> <span class='ocrx_word' id='word_1_303' title='bbox 1407 2738 1544 2773; x_wconf 77' lang='lat' dir='ltr'><em>Natat.</em></span> <span class='ocrx_word' id='word_1_304' title='bbox 1565 2738 1625 2773; x_wconf 92' lang='lat' dir='ltr'><em>De</em></span> <span class='ocrx_word' id='word_1_305' title='bbox 1643 2736 1687 2772; x_wconf 89' lang='lat' dir='ltr'><em>li·</em></span> <span class='ocrx_word' id='word_1_306' title='bbox 1761 2779 1764 2781; x_wconf 21' lang='grc' dir='ltr'>ι</span> 
     </span>
    </p>
   </div>
   <div class='ocr_carea' id='block_1_13' title="bbox 15 2799 1690 3024">
    <p class='ocr_par' dir='ltr' id='par_1_13' title="bbox 58 2799 1585 2847">
     <span class='ocr_line' id='line_1_35' title="bbox 58 2799 1585 2847; baseline -0.001 -13"><span class='ocrx_word' id='word_1_307' title='bbox 58 2799 198 2840; x_wconf 88' lang='lat' dir='ltr'><em>brario,</em></span> <span class='ocrx_word' id='word_1_308' title='bbox 218 2799 284 2846; x_wconf 87' lang='lat' dir='ltr'><em>qui</em></span> <span class='ocrx_word' id='word_1_309' title='bbox 300 2801 399 2835; x_wconf 87' lang='lat' dir='ltr'><em>hanc</em></span> <span class='ocrx_word' id='word_1_310' title='bbox 424 2800 628 2847; x_wconf 86' lang='lat' dir='ltr'><em>epistolam</em></span> <span class='ocrx_word' id='word_1_311' title='bbox 648 2801 836 2846; x_wconf 82' lang='lat' dir='ltr'><em>exaravit,</em></span> <span class='ocrx_word' id='word_1_312' title='bbox 857 2800 946 2836; x_wconf 88' lang='lat' dir='ltr'><em>vide</em></span> <span class='ocrx_word' id='word_1_313' title='bbox 965 2800 1069 2835; x_wconf 86' lang='lat' dir='ltr'><em>dicta</em></span> <span class='ocrx_word' id='word_1_314' title='bbox 1086 2799 1122 2835; x_wconf 88' lang='lat' dir='ltr'><em>in</em></span> <span class='ocrx_word' id='word_1_315' title='bbox 1141 2799 1258 2845; x_wconf 86' lang='lat' dir='ltr'><em>epist.</em></span> <span class='ocrx_word' id='word_1_316' title='bbox 1284 2808 1366 2844; x_wconf 84' lang='lat'>294,</span> <span class='ocrx_word' id='word_1_317' title='bbox 1386 2802 1520 2833; x_wconf 88' lang='lat' dir='ltr'><em>annot.</em></span> <span class='ocrx_word' id='word_1_318' title='bbox 1549 2806 1563 2832; x_wconf 93' lang='lat'>1</span> <span class='ocrx_word' id='word_1_319' title='bbox 1576 2823 1585 2833; x_wconf 89' lang='lat'><strong>.</strong></span> 
     </span>
    </p>

    <p class='ocr_par' dir='ltr' id='par_1_14' title="bbox 15 2856 1690 3024">
     <span class='ocr_line' id='line_1_36' title="bbox 128 2856 1688 2904; baseline -0.001 -11"><span class='ocrx_word' id='word_1_320' title='bbox 128 2859 143 2880; x_wconf 78' lang='lat'><strong>⁴</strong></span> <span class='ocrx_word' id='word_1_321' title='bbox 192 2858 383 2894; x_wconf 86' lang='lat' dir='ltr'><em>Polancus</em></span> <span class='ocrx_word' id='word_1_322' title='bbox 402 2859 588 2894; x_wconf 85' lang='lat' dir='ltr'><em>Madridio</em></span> <span class='ocrx_word' id='word_1_323' title='bbox 610 2868 647 2894; x_wconf 92' lang='lat'><em>11</em></span> <span class='ocrx_word' id='word_1_324' title='bbox 670 2858 852 2896; x_wconf 86' lang='lat' dir='ltr'><em>Octobris</em></span> <span class='ocrx_word' id='word_1_325' title='bbox 874 2859 965 2904; x_wconf 87' lang='lat'>1563</span> <span class='ocrx_word' id='word_1_326' title='bbox 989 2860 1085 2894; x_wconf 87' lang='lat' dir='ltr'><em>haee</em></span> <span class='ocrx_word' id='word_1_327' title='bbox 1109 2858 1158 2893; x_wconf 89' lang='lat' dir='ltr'><em>de</em></span> <span class='ocrx_word' id='word_1_328' title='bbox 1182 2857 1298 2893; x_wconf 87' lang='lat' dir='ltr'><em>sociis</em></span> <span class='ocrx_word' id='word_1_329' title='bbox 1323 2857 1445 2892; x_wconf 85' lang='lat' dir='ltr'><em>Roma</em></span> <span class='ocrx_word' id='word_1_330' title='bbox 1469 2856 1509 2891; x_wconf 89' lang='lat' dir='ltr'><em>in</em></span> <span class='ocrx_word' id='word_1_331' title='bbox 1527 2856 1688 2892; x_wconf 86' lang='lat' dir='ltr'><em>Germa-</em></span> 
     </span>
     <span class='ocr_line' id='line_1_37' title="bbox 59 2916 1688 2966; baseline -0.001 -15"><span class='ocrx_word' id='word_1_332' title='bbox 59 2916 160 2952; x_wconf 90' lang='lat' dir='ltr'><em>niam</em></span> <span class='ocrx_word' id='word_1_333' title='bbox 179 2917 307 2953; x_wconf 84' lang='lat' dir='ltr'><em>missis</em></span> <span class='ocrx_word' id='word_1_334' title='bbox 325 2917 533 2954; x_wconf 83' lang='lat' dir='ltr'><em>referebat:</em></span> <span class='ocrx_word' id='word_1_335' title='bbox 555 2931 619 2956; x_wconf 86' lang='lat'><strong>«...</strong></span> <span class='ocrx_word' id='word_1_336' title='bbox 640 2920 697 2954; x_wconf 89' lang='lat' dir='ltr'><em>los</em></span> <span class='ocrx_word' id='word_1_337' title='bbox 715 2931 791 2966; x_wconf 91' lang='lat' dir='ltr'><em>que</em></span> <span class='ocrx_word' id='word_1_338' title='bbox 809 2931 851 2954; x_wconf 86' lang='lat' dir='ltr'><em>se</em></span> <span class='ocrx_word' id='word_1_339' title='bbox 871 2919 1071 2954; x_wconf 87' lang='lat' dir='ltr'><em>embiaron</em></span> <span class='ocrx_word' id='word_1_340' title='bbox 1095 2929 1186 2965; x_wconf 82' lang='lat' dir='ltr'><em>para</em></span> <span class='ocrx_word' id='word_1_341' title='bbox 1210 2917 1401 2952; x_wconf 77' lang='lat' dir='ltr'><em>Alemafia</em></span> <span class='ocrx_word' id='word_1_342' title='bbox 1425 2917 1597 2961; x_wconf 84' lang='lat' dir='ltr'><em>llegaron</em></span> <span class='ocrx_word' id='word_1_343' title='bbox 1614 2927 1688 2951; x_wconf 90' lang='lat' dir='ltr'><em>con</em></span> 
     </span>
     <span class='ocr_line' id='line_1_38' title="bbox 15 2976 1690 3024; baseline -0.001 -13"><span class='ocrx_word' id='word_1_344' title='bbox 15 3019 17 3021; x_wconf 21' lang='grc' dir='ltr'>Ι</span> <span class='ocrx_word' id='word_1_345' title='bbox 59 2976 168 3011; x_wconf 88' lang='lat' dir='ltr'><em>salud</em></span> <span class='ocrx_word' id='word_1_346' title='bbox 185 2979 206 3011; x_wconf 75' lang='grc' dir='ltr'><em>ἐι</em></span> <span class='ocrx_word' id='word_1_347' title='bbox 223 2976 383 3024; x_wconf 77' lang='lat' dir='ltr'><em>Tremo,</em></span> <span class='ocrx_word' id='word_1_348' title='bbox 401 2990 428 3024; x_wconf 91' lang='lat' dir='ltr'><strong>y</strong></span> <span class='ocrx_word' id='word_1_349' title='bbox 446 2979 502 3013; x_wconf 86' lang='lat' dir='ltr'><em>asi</em></span> <span class='ocrx_word' id='word_1_350' title='bbox 520 2977 736 3024; x_wconf 86' lang='lat' dir='ltr'><em>repartidos</em></span> <span class='ocrx_word' id='word_1_351' title='bbox 760 2990 810 3013; x_wconf 90' lang='lat' dir='ltr'><em>en</em></span> <span class='ocrx_word' id='word_1_352' title='bbox 833 2983 912 3013; x_wconf 86' lang='lat' dir='ltr'><em>tres</em></span> <span class='ocrx_word' id='word_1_353' title='bbox 940 2979 1161 3024; x_wconf 79' lang='lat' dir='ltr'><em>compafiias</em></span> <span class='ocrx_word' id='word_1_354' title='bbox 1180 2987 1249 3023; x_wconf 93' lang='lat' dir='ltr'><em>por</em></span> <span class='ocrx_word' id='word_1_355' title='bbox 1274 2977 1309 3011; x_wconf 90' lang='lat' dir='ltr'><em>la</em></span> <span class='ocrx_word' id='word_1_356' title='bbox 1335 2986 1466 3022; x_wconf 88' lang='lat' dir='ltr'><em>mayor</em></span> <span class='ocrx_word' id='word_1_357' title='bbox 1484 2980 1592 3021; x_wconf 87' lang='lat' dir='ltr'><em>parte</em></span> <span class='ocrx_word' id='word_1_358' title='bbox 1618 2984 1690 3010; x_wconf 90' lang='lat' dir='ltr'><em>son</em></span> 
     </span>
    </p>
   </div>
  </div>
 </body>
</html>
