1958 3210
237 182 307 218 316
798 179 937 214 EPIST.
973 177 1003 212 P
1012 203 1020 212 .
1054 176 1325 212 NADAL—288

236 290 443 340 presente
471 283 497 333 ¹,
530 287 575 323 et
604 279 710 323 tutti
738 279 779 321 ci
807 279 947 323 siamo
975 278 1205 335 rallegrati
1235 280 1336 332 che,
1367 279 1439 321 col
1469 277 1592 321 aiuto
1623 279 1694 322 del
1724 280 1881 323 dottor

238 359 454 404 Mathiolo
478 359 509 410 Ξ,
536 357 573 400 si
595 356 661 400 sia
682 356 853 399 aiutato
876 356 993 398 nella
1015 355 1174 399 sanita.
1204 357 1260 398 Et
1290 355 1450 411 poiche
1479 370 1528 399 se
1557 355 1716 401 risolse
1745 358 1878 400 d’an-

235 439 315 480 dar
337 452 361 479 a
385 435 561 479 Vienna
584 433 660 490 piu
683 440 834 489 presto
857 435 942 477 che
964 448 990 476 a
1013 432 1206 476 Bauaria
1230 433 1281 490 (il
1310 434 1395 477 che
1423 434 1448 476 e
1471 439 1588 476 stato
1610 435 1750 477 molto
1778 449 1874 478 me-

234 514 343 570 glio,
375 510 631 568 partendosi
660 510 964 566 l'imperatore
992 510 1049 554 de
1078 510 1311 566 Hispruch
1338 525 1418 566 per
1439 510 1579 554 andar
1601 510 1647 552 in
1670 511 1872 569 Austria)

235 597 395 647 questa
418 603 465 631 se
489 587 662 630 drizara
685 602 710 630 a
740 587 934 651 Vienna,
959 587 1015 630 de
1037 588 1156 630 doue
1179 601 1271 630 non
1293 586 1534 630 habbiamo
1563 587 1684 630 uisto
1712 589 1877 634 lettere

234 666 359 710 molti
386 667 430 708 di
460 679 586 708 sono.
620 665 718 708 Che
747 664 793 707 in
823 666 967 708 Roma
995 664 1270 707 domandino
1299 679 1491 720 persone
1513 679 1592 720 per
1623 666 1811 721 leggere
1845 665 1877 708 il

233 758 362 788 corso
385 744 430 795 li,
457 758 483 785 o
506 756 615 786 uero
637 742 680 784 la
702 741 944 793 rhetorica,
971 756 1077 797 pare
1099 742 1143 783 lo
1166 741 1355 784 diranno
1378 756 1508 786 come
1541 741 1743 795 ridendo,
1770 756 1871 798 per⁴

234 823 318 865 che
340 820 377 863 si
400 820 685 862 domandano
708 817 821 860 tanti
843 819 899 861 de
922 820 1066 861 Roma
1083 833 1162 874 per
1180 819 1437 874 Alemagna
1454 833 1534 874 per
1550 818 1698 874 questi
1716 819 1873 872 ufficii,

234 901 318 942 che
339 899 427 940 ben
450 897 487 940 si
510 911 559 939 sa
582 897 667 940 che
690 896 763 940 del
786 896 912 940 fonte
933 895 970 938 si
997 895 1248 951 impiscono
1271 895 1300 937 li
1324 895 1470 948 riuoli,
1497 903 1541 940 et
1565 910 1659 938 non
1685 895 1790 940 delli
1815 896 1875 938 ri-

235 976 328 1019 uoli
349 975 379 1017 il
403 976 540 1018 fonte.
569 975 756 1029 Quanto
780 973 821 1015 al
845 987 990 1025 corso,
1016 973 1054 1015 si
1076 972 1304 1016 inclinano
1327 988 1352 1016 a
1374 972 1563 1029 pigliare
1585 972 1616 1015 il
1638 975 1684 1017 Μ
1692 984 1748 1015 ‚ro
1779 974 1874 1016 Ac-

234 1053 350 1097 chile
365 1053 397 1105 ³,
411 1057 709 1107 quantunque
727 1051 879 1093 hanno
894 1065 919 1092 a
934 1050 1207 1093 Maldonado
1222 1050 1253 1102 ²⁴,
1270 1049 1345 1106 gia
1362 1049 1582 1106 discipulo
1594 1050 1639 1093 di
1654 1053 1764 1094 Μ.ΥΟ
1780 1051 1877 1094 To-

234 1131 335 1173 ledo
360 1132 391 1183 5;
423 1144 496 1171 ma
525 1127 689 1170 dicono
720 1142 811 1170 non
841 1141 965 1171 esser
994 1134 1121 1169 tanto
1150 1134 1331 1183 promto
1354 1127 1461 1171 nelli
1489 1127 1569 1170 atti
1598 1127 1765 1183 publici
1795 1143 1881 1184 per

235 1208 474 1250 dimostrar
497 1204 710 1257 dottrina,
737 1212 909 1259 quanto
933 1205 957 1248 e
980 1205 1227 1248 realmente
1258 1205 1391 1247 docto
1416 1211 1460 1249 et
1482 1206 1540 1248 ha
1563 1204 1708 1261 gratia
1735 1205 1782 1248 in
1803 1205 1875 1247 in-

235 1284 444 1341 segnarla
467 1283 713 1339 leggendo.
743 1284 831 1326 Per
853 1281 1039 1338 Dilinga
1068 1296 1160 1324 non
1194 1296 1498 1324 mancaranno
1521 1281 1630 1324 boni
1652 1281 1869 1338 soggetti.

325 1374 366 1405 2.
434 1362 476 1404 A
501 1362 559 1404 V.
586 1361 638 1403 R.
664 1359 700 1402 si
724 1374 836 1402 sono
859 1359 1060 1402 mandati
1083 1359 1113 1401 li
1137 1359 1334 1415 capitoli,
1361 1374 1488 1402 come
1510 1359 1540 1401 11
1562 1361 1620 1403 ha
1649 1359 1816 1416 passati
1844 1359 1875 1401 il

237 1439 439 1483 cardinal
461 1439 504 1480 d'
537 1438 770 1493 Augusta,
797 1436 921 1479 accio
943 1436 1043 1479 dica
1071 1451 1119 1480 se
1147 1436 1210 1493 gli
1239 1451 1421 1480 occorre
1449 1437 1640 1492 qualche
1667 1451 1787 1480 cosa.
1825 1435 1875 1481 Si

234 1517 432 1560 scriuera
456 1517 539 1558 che
561 1515 590 1557 il
617 1514 764 1557 Padre
792 1513 1070 1570 prouinciale
1099 1529 1126 1557 0
1154 1514 1184 1556 11
1214 1515 1266 1556 P.
1301 1515 1457 1570 Lanoy
1486 1513 1652 1557 uadino
1682 1529 1707 1557 a
1737 1514 1880 1558 ueder‘

235 1595 276 1638 le
299 1592 569 1637 habitationi
592 1593 649 1636 de
671 1591 857 1648 Dilinga
879 1593 912 1644 ⁶,
938 1593 1232 1646 quantunche
1255 1591 1284 1633 il
1307 1592 1431 1634 detto
1454 1591 1730 1647 prouinciale
1754 1591 1875 1635 desi-

235 1672 403 1716 deraua
426 1672 510 1713 che
534 1671 590 1714 V.
618 1671 666 1712 R.
694 1669 874 1714 uedessi
897 1669 1000 1724 quel
1022 1670 1178 1725 luogo,
1199 1676 1244 1712 et
1266 1669 1362 1713 desi
1384 1668 1541 1712 ordine
1563 1668 1687 1711 accio
1710 1668 1747 1711 si
1769 1683 1873 1724 pre-

235 1748 470 1805 parassino
487 1749 528 1791 le
545 1761 650 1790 cose
667 1746 938 1800 necessarie,
956 1746 1081 1789 accio
1098 1746 1135 1789 si
1153 1746 1413 1790 cominciasi
1430 1746 1477 1788 in
1493 1752 1654 1801 questo
1669 1752 1873 1789 autunno

234 1826 266 1868 il
287 1826 494 1882 collegio.
529 1824 810 1868 Desideraua
840 1824 946 1880 pero
975 1824 1005 1866 il
1033 1824 1281 1868 medesimo
1310 1823 1585 1879 prouinciale
1615 1825 1699 1867 che
1730 1824 1879 1867 anche

235 1903 378 1960 prima
401 1902 580 1946 uedessi
603 1903 660 1945 V.
694 1903 747 1944 R.
780 1901 811 1943 il
840 1901 1035 1958 collegio
1064 1902 1120 1945 de
1148 1900 1396 1956 Hispruch,
1428 1915 1506 1957 per
1535 1900 1645 1945 certi
1673 1898 1875 1956 bisogni,.

235 1980 339 2023 delli
362 1980 481 2036 quali
504 1980 674 2023 hauera
695 1977 758 2020 lui
780 1977 952 2021 scritto:
980 1979 1074 2021 fara
1096 1993 1180 2034 pur
1211 1979 1266 2021 V.
1302 1980 1354 2021 R.
1388 1992 1516 2021 corne
1545 1976 1711 2034 meglio
1739 1976 1770 2018 li
1792 1991 1873 2033 pa-

236 2072 351 2101 rera.

314 2227 322 2246 ¹
376 2225 461 2259 Hae
481 2224 634 2259 litterae
653 2222 816 2270 periisse
836 2222 1032 2257 videntur.

306 2287 319 2305 ‘-‘
372 2285 431 2319 De
450 2285 522 2319 hoc
542 2283 703 2330 egregio
722 2283 805 2318 viro
824 2283 920 2317 haec
938 2281 1051 2316 affert
1065 2280 1253 2325 Schmidl,
1274 2281 1347 2315 loc.
1363 2280 1445 2324 cit.,
1462 2291 1554 2326 pag.
1576 2288 1654 2325 179:
1672 2279 1879 2314 «Adversas

235 2355 323 2379 cum
354 2343 580 2378 valetudine
609 2344 681 2378 hoc
711 2352 812 2377 anno
843 2340 967 2388 [1563]
997 2341 1143 2387 aliquot
1174 2340 1298 2375 Sociis
1329 2339 1543 2375 conflictari
1573 2338 1752 2384 contigit,
1785 2350 1874 2374 cum

235 2404 363 2439 omnia
382 2410 493 2450 peste
518 2404 714 2449 arderent,
740 2413 954 2449 omnesque
980 2400 1104 2436 morbi
1130 2400 1393 2446 suspicionem
1417 2399 1604 2444 facerent3
1630 2399 1699 2434 sed
1723 2409 1874 2445 omneS,

235 2464 319 2498 Deo
338 2463 526 2509 imprimis
545 2468 703 2509 agente,
723 2461 866 2497 deinde
885 2461 1052 2496 maxima
1072 2460 1249 2505 scientia,
1269 2471 1312 2494 ac
1332 2459 1550 2494 incredibili
1565 2458 1767 2504 diligentia
1781 2457 1873 2492 ami-

235 2522 381 2558 cissimi
402 2523 570 2568 Nostris,
590 2534 634 2558 ac
653 2520 1000 2566 Excellentissimi‚
1026 2520 1048 2556 e
1073 2531 1234 2555 numero
1260 2519 1547 2564 Botanicorum‚
1568 2530 1636 2554 seu
1663 2517 1874 2553 Herbario-

235 2594 333 2626 rum,
355 2582 494 2617 Medici
514 2582 702 2618 Matlzioli
720 2581 873 2627 integre
892 2586 983 2616 sunt
998 2579 1261 2627 percurati...»
1607 2589 1611 2593 ·

306 2642 320 2662 ⁵
371 2641 586 2687 Gagfiardi,
606 2641 770 2687 scriptor
789 2639 1030 2683 notissimus,
1050 2639 1098 2674 de
1117 2650 1193 2686 quo
1212 2637 1301 2673 vide
1317 2638 1647 2683 SOMMERVOGEL‚
1663 2636 1878 2672 Bibliothe-

236 2712 309 2746 que
327 2702 372 2735 de
395 2701 436 2735 Za
458 2700 706 2748 Compagnie
726 2702 772 2736 de
782 2700 917 2746 Je'sus.

308 2762 322 2781 ⁴
373 2761 431 2794 De
451 2761 522 2794 hoc
541 2759 831 2806 sapientissimo
855 2759 938 2794 viro
957 2757 1112 2804 saepius
1139 2768 1266 2792 sermo
1291 2757 1434 2792 redibit
1458 2757 1497 2792 in
1515 2755 1768 2803 sequentibus
1787 2754 1873 2802 epi-

236 2818 363 2854 stolis.
388 2818 453 2854 Cf.
478 2819 595 2854 etiam
615 2819 744 2864 PRAT‚
766 2819 978 2854 Maldonat
995 2820 1031 2852 et
1050 2817 1302 2852 l'universz'te'
1319 2817 1366 2851 de
1386 2816 1521 2851 Paris.

307 2879 321 2899 5
371 2878 601 2913 Franciscus
619 2879 782 2914 Toletus
801 2878 865 2922 (de
883 2876 1046 2921 Toledo)
1065 2877 1187 2911 lector
1205 2876 1425 2922 theologiae
1452 2875 1492 2910 in
1514 2874 1679 2920 collegio
1697 2884 1873 2916 romano,

236 2942 372 2984 postea
390 2937 596 2973 cardinalis
611 2938 652 2972 S.
672 2939 719 2975 R,
739 2939 783 2975 E.

308 2999 323 3019 ⁶
374 2997 474 3032 Vide
493 3009 622 3044 supra,
642 3009 736 3044 pag.
761 3006 846 3043 291,
866 3001 1000 3032 annot.
1030 3004 1062 3032 Ι.
