1958 3210
256 163 302 199 42
818 153 861 188 P.
890 153 1078 188 NATArrs
1104 154 1326 190 EPHEMER.

248 254 401 310 nupsit
425 260 526 308 post
564 260 721 295 votum
754 253 1045 309 virginitatis,
1078 261 1122 298 et
1151 254 1254 297 inde
1283 255 1447 299 amissa
1472 257 1678 300 fundatio
1708 257 1886 314 collegij

254 330 487 373 valentini.

339 409 390 449 Ρ.
433 407 661 461 Goncales
701 406 872 449 Mursia
908 407 954 449 in
994 408 1338 463 Portugalliam,
1374 409 1420 452 in
1458 425 1547 465 quo
1584 411 1745 455 itinere
1767 411 1886 467 passi

245 491 368 534 sunt,
390 483 514 537 quod
531 490 800 538 putarentur
818 483 1027 526 feminam
1046 485 1212 527 ducere
1230 483 1350 540 ipsos
1367 486 1483 528 virili
1501 489 1642 531 cultu.
1664 489 1745 531 70
1770 491 1883 531 Pro-

247 561 459 617 perabam
483 574 571 615 ego
594 560 651 602 ad
676 562 726 602 P.
750 559 1056 603 Franciscum:
1083 560 1252 615 itaque,
1274 576 1414 617 quum
1433 564 1642 608 Valentia
1658 564 1883 608 venissem

245 638 479 680 Cuencam
497 643 543 680 et
561 637 871 692 Complutum,
892 637 1041 679 adhuc
1064 638 1239 693 repperi
1263 640 1526 693 Talauerae,
1549 656 1687 697 quum
1711 641 1885 684 euasis—

247 729 341 756 sem
359 714 610 770 periculum
627 713 772 768 fluuij,
794 713 871 769 qui
889 720 1072 769 pontem
1090 715 1329 759 deiecerat.
1353 716 1638 772 Reliqueram
1657 718 1886 774 Compluti

244 791 509 847 Chirogam:
537 791 673 834 alium
698 805 888 846 puerum
913 791 1158 834 Cuenchae
1181 793 1300 847 apud
1320 794 1615 836 Marchinam.

334 868 451 911 Veni
474 869 530 911 ad
554 870 606 911 P.
634 870 669 911 F
673 867 928 910 ranciscum
954 869 1248 912 Placentiam:
1275 870 1337 913 ibi
1361 871 1538 926 repperi
1561 870 1886 927 obligationem

242 959 344 990 esse
369 946 532 988 factam
554 960 636 1000 pro
659 944 853 1000 collegio
878 945 1046 988 Montis
1069 946 1217 1002 Regij,
1244 953 1293 989 vt
1321 948 1539 991 darentur
1556 947 1816 1003 confessarij
1841 955 1886 990 et

241 1022 555 1074 concionator,
582 1037 671 1078 qua
693 1023 749 1064 de
773 1037 819 1064 re
838 1022 1051 1065 admonui
1076 1025 1127 1065 P.
1155 1024 1465 1067 Franciscum.

334 1100 534 1143 Dissolui
568 1100 872 1155 importunam
907 1099 1225 1153 dificultatem,
1256 1103 1379 1156 quod
1417 1117 1507 1144 non
1550 1104 1884 1158 abrogarentur

245 1185 427 1221 nostrae
451 1178 689 1221 facultates
726 1178 733 1197 ¹

776 1191 855 1232 per
892 1176 1155 1230 cruciatam3
1183 1193 1285 1221 nam
1324 1178 1528 1235 inspecto
1558 1179 1818 1235 diplomate,
1851 1179 1856 1236 Ι

246 1255 420 1298 nullum
444 1255 633 1298 verbum
660 1253 872 1309 legimus,
905 1268 994 1308 quo
1032 1257 1493 1310 comprehenderetur
1516 1256 1735 1308 Societas,
1763 1256 1885 1311 quod

246 1332 332 1375 fuit
354 1331 684 1387 optatissimum
709 1331 892 1384 nostris3
913 1346 1016 1374 nam
1034 1331 1303 1374 dubitabant
1320 1348 1376 1376 ne
1395 1333 1586 1377 fuissent
1608 1332 1747 1384 irrita,
1769 1347 1885 1387 quae

247 1409 478 1460 fecissent,
500 1408 665 1451 omnia.

336 1486 445 1529 Inde
461 1487 517 1529 ad
534 1485 745 1528 comitem
765 1486 1014 1541 Oropesiae
1036 1493 1081 1530 et
1100 1487 1355 1539 Scalonam,
1376 1487 1451 1529 vbi
1474 1502 1707 1543 speramus
1724 1501 1885 1531 conse-

244 1563 323 1618 qui
352 1563 546 1618 aliquam
582 1563 842 1619 opulentam
871 1563 1203 1618 eleemosynam
1227 1579 1307 1619 pro
1345 1564 1540 1620 collegio
1571 1579 1778 1617 romano;
1805 1565 1885 1606 sed

244 1640 454 1685 venimus
478 1655 618 1695 quum
667 1639 754 1682 iam
783 1646 903 1684 esset
931 1647 1138 1683 mortuus
1166 1641 1274 1684 dux.
1309 1641 1375 1684 Ibi
1402 1641 1582 1698 incoepi
1611 1641 1808 1685 scribere
1837 1641 1884 1683 in

240 1717 605 1761 constitutiones.
633 1718 690 1760 Et
712 1717 876 1761 deinde
899 1717 1057 1773 scripsi
1081 1725 1238 1761 contra
1269 1719 1573 1762 Pedrochium
1599 1734 1679 1775 pro
1708 1719 1882 1762 exerci-

244 1794 318 1850 tijs
340 1796 372 1847 ²3
398 1809 519 1848 nam,
546 1795 665 1849 quod
690 1795 746 1837 ad
770 1794 1165 1850 gubernationem,
1192 1810 1313 1838 eram
1334 1795 1523 1839 otiosus.

331 1871 525 1927 Accepit
544 1873 596 1914 Ρ.
624 1871 895 1914 Franciscus
914 1878 1072 1914 mutuo
1095 1887 1121 1914 a
1143 1872 1341 1915 Domino
1364 1874 1623 1925 Francisco,
1652 1874 1788 1917 fratre
1805 1888 1882 1916 co—

240 1949 362 1992 mitis
390 1949 655 2004 Oropesiae,
688 1959 797 2003 1500
843 1959 906 1994 Δῑ
949 1950 1005 1991 ad
1027 1948 1073 1991 id
1111 1964 1197 2005 ego
1222 1964 1435 1993 veneram
1459 1965 1562 1992 cum
1583 1953 1644 1994 M.
1671 1950 1880 1994 Guterio:

237 2042 339 2071 eam
361 2026 600 2082 pecuniam
623 2040 711 2082 ego
736 2026 817 2068 tuli
841 2026 1170 2069 Vallisoletum:
1197 2027 1261 2069 71
1287 2034 1332 2070 et
1354 2027 1565 2083 hospitio,
1592 2043 1731 2084 quum
1750 2042 1884 2084 egre-

239 2105 372 2147 derer
394 2118 420 2146 a
448 2102 675 2155 cubiculo,
708 2103 1052 2159 representatio,
1084 2110 1170 2147 etc.
1215 2105 1371 2159 Quum
1408 2111 1615 2160 putarem
1652 2104 1883 2148 remissius

240 2180 316 2236 agi
338 2179 584 2237 negocium
603 2180 875 2236 prouisionis
898 2180 1200 2236 pecuniariae,
1227 2181 1509 2225 confidenter
1537 2181 1629 2224 dixi
1662 2184 1712 2224 P.
1739 2183 1774 2224 F
1779 2197 1883 2224 ran—

239 2258 360 2301 cisco
395 2273 468 2302 me
490 2273 570 2314 per
594 2272 664 2300 me
687 2257 930 2314 negocium
954 2257 1064 2301 illud
1094 2265 1319 2310 acturum,
1352 2266 1650 2302 euocaturum
1674 2259 1874 2303 Villano-

238 2350 359 2385 uam,
387 2342 474 2379 etc.
500 2335 775 2379 Accuratius
799 2350 870 2379 res
893 2343 962 2378 est
985 2335 1151 2379 deinde
1174 2343 1345 2379 curata.

326 2415 431 2456 Non
464 2414 581 2457 bene
610 2412 915 2457 conueniebat
949 2415 1001 2456 P.
1042 2413 1238 2456 Araozio
1276 2428 1379 2456 curn
1415 2416 1466 2457 Ρ.
1509 2415 1767 2458 Francisco.
1801 2415 1880 2459 Ille

236 2490 464 2533 abiecerat
492 2490 693 2533 animum
729 2505 754 2532 a
784 2490 1138 2546 gubernatione,
1179 2489 1253 2533 hic
1291 2497 1433 2533 totam
1475 2492 1565 2534 fere
1598 2499 1876 2548 susceperat.

234 2567 459 2610 Euocauit
475 2567 600 2610 illum
625 2566 900 2620 Simancam3
928 2566 989 2609 ibi
1012 2566 1137 2608 illum
1157 2566 1359 2623 grauiter
1378 2569 1670 2624 reprehendit
1688 2570 1744 2613 de
1761 2570 1881 2611 mul-

233 2643 306 2695 tis,
338 2650 384 2687 et
412 2643 702 2699 praescripsit
733 2658 851 2699 quae
887 2643 1182 2695 videbantur,
1222 2659 1295 2688 me
1333 2653 1570 2700 praesente
1609 2654 1654 2689 et
1678 2647 1883 2702 Baptista

232 2722 411 2774 Barma3
433 2735 505 2763 me
523 2720 659 2765 etiam
678 2720 958 2776 perstrinxit,
979 2722 1100 2776 quod
1119 2719 1408 2781 importu[ne]
1436 2721 1441 2779 1
1471 2724 1527 2764 ad
1544 2723 1669 2767 illum
1693 2724 1878 2776 adirem,

307 2848 317 2867 ¹
370 2845 671 2893 Ms.,faculta8.

302 2907 316 2926 2
369 2906 481 2951 Quae
500 2904 672 2951 scripsit,
693 2906 814 2940 habes
834 2905 872 2940 in
895 2906 973 2940 vol.
1003 2905 1057 2939 ΙΙΙ
1081 2904 1273 2941 Clzronici
1301 2906 1347 2941 P.
1384 2906 1579 2953 PoLANCI,
1607 2908 1647 2944 in
1679 2909 1880 2956 Appendi-

231 2964 367 3000 cibus.
