1958 3210
721 188 742 224 7
769 178 984 215 Ocrossms
1015 179 1103 222 1562
1663 179 1730 214 113

92 281 338 338 guntinum
370 295 450 337 per
488 283 550 325 M.
588 281 879 325 Homerolum
923 281 953 333 ¹,
989 281 1214 335 respondi,
1254 281 1374 335 quod
1412 280 1632 323 attinebat
1671 282 1728 323 ad

96 362 154 402 M.
173 360 426 415 Johannem
450 357 705 400 Dionisium
728 357 761 410 ²,
793 370 924 412 posse
954 355 1079 398 illum
1109 356 1247 399 sacris
1276 356 1510 399 ordinibus
1540 356 1722 408 initiari,

90 434 131 476 si
154 434 216 477 ita
236 433 366 476 vobis
387 433 535 477 visum
559 433 708 478 fuerit.

183 523 224 553 2.
290 510 439 552 Hodie
462 509 714 565 Herbipoli,
740 501 829 564 quo
859 508 979 560 veni,
1010 515 1059 550 vt
1091 509 1148 551 de
1180 509 1371 564 collegio
1403 509 1475 551 hic
1505 509 1724 566 erigendo

22 572 31 578 ,
88 600 276 642 agerem
299 600 401 629 cum
424 588 553 629 Rmo.
580 584 883 641 herbipolensi
907 586 938 637 ³,
965 584 1188 627 succurrit
1211 592 1259 626 vt
1280 585 1523 629 scriberem
1542 588 1725 629 consul—

93 671 188 704 tum
212 663 321 714 fore,
348 662 385 705 si
403 662 513 705 illud
531 663 667 718 (quod
684 676 772 718 ego
790 661 920 704 vobis
936 660 1311 717 praescripseram
1330 662 1385 704 de
1404 662 1724 706 constituendo

88 746 380 794 procuratore
402 740 581 791 bursae,
609 738 685 794 qui
708 738 805 782 eius
828 737 1011 781 nomine
1033 736 1253 793 exigeret,
1279 752 1395 792 quae
1423 739 1564 781 nostri
1592 755 1724 795 prae-

85 822 297 871 ceptores
321 816 528 859 solebant
551 815 734 871 exigere
755 816 827 858 vel
855 815 1092 870 accipere),
1124 814 1380 857 executioni
1409 830 1501 857 non
1528 818 1719 860 mande-

90 899 178 944 tur,
204 892 241 934 si
263 892 351 934 iam
375 900 525 935 actum
548 907 639 934 non
662 891 735 945 sit;
761 906 920 936 vereor
942 891 1061 935 enim
1084 906 1141 934 ne
1163 891 1249 932 hoc
1274 898 1474 947 tempore
1502 892 1613 934 illud
1641 908 1722 936 ex—

87 968 196 1011 citet
217 968 385 1023 aliquid
408 968 589 1024 majoris
611 967 895 1021 turbationis3
922 969 1000 1012 sed
1020 976 1169 1010 tamen
1186 967 1231 1009 id
1248 974 1393 1010 totum
1410 968 1616 1023 relinquo
1636 976 1714 1011 tuo

83 1044 269 1098 iudicio,
290 1045 508 1088 consultis
526 1045 631 1098 tuis,
652 1052 702 1087 vt
723 1045 856 1097 soles,
882 1051 946 1097 vt,
972 1045 1045 1087 vel
1062 1043 1285 1086 mandetis
1302 1044 1575 1096 executioni,
1597 1045 1634 1088 si
1651 1045 1721 1087 vi—

83 1122 263 1174 deatur,
288 1123 361 1166 vel
383 1122 695 1167 executionem
718 1121 1039 1164 intermittatis.

181 1212 221 1253 3.
281 1200 381 1255 Jam
405 1199 664 1255 scripsimus
688 1199 823 1255 (quod
846 1198 980 1242 etiam
1003 1197 1278 1241 intellexeris
1300 1212 1380 1254 per
1403 1200 1584 1241 Patrem
1613 1214 1715 1255 pro—

81 1275 339 1331 vincialem)
363 1275 540 1319 dedisse
562 1291 635 1320 me
658 1276 897 1318 Theodoro
920 1276 1070 1319 Buseo
1093 1281 1139 1319 et
1154 1274 1352 1332 Johanni
1369 1274 1508 1318 Fabio
1526 1276 1541 1295 ⁴
1558 1290 1615 1318 ex
1633 1275 1720 1318 illis

82 1382 232 1427 templo
251 1386 291 1416 et
308 1382 363 1417 ibi
381 1386 665 1417 sacramentum
681 1381 995 1416 administremus
1010 1381 1134 1416 tribus
1150 1380 1341 1427 personis,
1357 1393 1455 1427 quae
1471 1381 1518 1415 ad
1534 1383 1721 1428 templum

79 1440 180 1475 illud
198 1441 410 1487 pertinent,
431 1453 508 1476 non
527 1453 620 1476 vero
639 1441 743 1476 aliis.
768 1442 876 1475 Haec
895 1453 943 1475 ex
962 1452 1028 1475 ore
1047 1440 1269 1475 abbatissae
1284 1440 1550 1475 intelleximus
1566 1446 1605 1475 et
1621 1452 1721 1487 quae

82 1505 320 1546 sequuntur.
346 1501 563 1536 Videbatur
580 1501 654 1535 sibi
674 1500 912 1547 exprobrari,
931 1499 1032 1546 quod
1052 1511 1121 1534 nos
1141 1499 1180 1534 in
1195 1501 1383 1546 templum
1402 1500 1637 1545 introducat,
1651 1511 1723 1534 nos

79 1563 216 1593 autem
234 1560 306 1594 hoc
325 1559 467 1605 moliri,
487 1565 529 1594 ut
547 1565 670 1594 totum
689 1560 846 1594 tandem
866 1570 1116 1605 occupemus,
1136 1564 1175 1593 et
1196 1558 1382 1593 comitum
1406 1558 1520 1603 filias,
1546 1570 1614 1604 pro
1639 1558 1720 1605 qui-

84 1619 156 1652 bus
180 1617 384 1653 fundatum
411 1624 484 1664 est,
513 1620 585 1654 hac
610 1619 886 1654 commoditate
912 1618 1156 1665 privemus...
1183 1619 1232 1652 Et
1258 1619 1414 1664 saepius
1442 1618 1614 1664 repetiit:
1643 1630 1721 1653 non

83 1677 321 1712 concedetur
339 1679 401 1713 vel
421 1678 649 1713 conceditur
667 1679 779 1713 vobis
799 1683 840 1713 ut
859 1677 1024 1712 audiatis
1044 1677 1083 1712 in
1107 1682 1240 1711 nostro
1266 1678 1413 1723 templo
1436 1677 1720 1720 confessiones,

80 1737 186 1771 sicut
202 1737 362 1783 cupitis.
388 1738 556 1773 Dicebat
575 1738 693 1772 etiam
718 1738 793 1772 sibi
821 1743 1022 1773 ostensum
1047 1738 1095 1772 ab
1120 1736 1206 1772 aliis
1230 1737 1433 1783 scriptum,
1458 1736 1561 1783 quod
1586 1741 1720 1772 custos

78 1795 180 1830 ,nulli
197 1795 362 1830 deberet
379 1797 530 1843 aperire
550 1796 753 1832 Cameram
773 1808 944 1840 auream,
970 1795 1045 1830 nisi
1069 1796 1198 1842 aliquo
1222 1795 1408 1830 canonico
1433 1800 1654 1841 praesente,
1679 1800 1720 1829 et

84 1854 199 1889 moris
219 1860 421 1901 praeterea
439 1855 576 1902 fuisse,
602 1856 703 1902 quod
727 1856 881 1902 quando
906 1855 1045 1902 aliquis
1067 1857 1225 1890 volebat
1255 1856 1455 1889 celebrare
1486 1855 1525 1889 in
1556 1854 1720 1890 Camera

77 1925 212 1959 aurea,
237 1914 341 1960 quod
365 1920 447 1949 tum
472 1915 657 1950 veniebat
680 1920 812 1950 custos
838 1921 877 1950 et
901 1916 1061 1961 petebat
1084 1916 1133 1949 ab
1158 1914 1357 1949 abbatissa
1382 1914 1582 1949 veniam...
1609 1913 1719 1949 Solet

76 1973 310 2019 contingere
335 1979 377 2008 ut
401 1979 488 2020 post
513 1975 741 2009 concionem
767 1974 926 2009 veniant
950 1979 1131 2020 petentes
1156 1973 1334 2008 confiteri
1365 1979 1431 2008 aut
1460 1973 1637 2008 conferre
1668 1973 1717 2008 de

79 2033 199 2067 rebus
217 2044 310 2067 suae
329 2033 607 2080 conscientiae,
627 2039 667 2069 et
691 2033 960 2068 confitentium
984 2039 1067 2068 erat
1090 2034 1216 2068 bonus
1239 2045 1424 2068 numerus
1452 2038 1491 2067 et
1514 2037 1716 2067 converte-

77 2092 220 2126 bantur
250 2097 290 2126 et
319 2092 469 2127 fructus
499 2093 663 2127 fiebant.
702 2093 815 2127 Nunc
845 2098 975 2128 autem
1008 2094 1134 2127 locum
1164 2104 1240 2127 non
1272 2093 1461 2127 habemus
1492 2092 1579 2126 illos
1610 2090 1717 2126 adiu-

76 2150 267 2185 vandi...»
288 2152 347 2185 De
366 2152 437 2186 hac
456 2153 654 2187 abbatissa
673 2152 776 2187 idem
796 2153 935 2186 Kessel
955 2151 1002 2187 ad
1020 2152 1067 2186 P.
1099 2152 1243 2186 Lainez
1267 2152 1331 2186 die
1359 2161 1400 2186 12
1426 2151 1595 2196 Augusti
1620 2152 1715 2185 haec

80 2209 287 2244 referebat:
309 2211 493 2246 «...Nunc
512 2217 641 2246 autem
661 2213 743 2246 sola
762 2216 822 2246 est
840 2210 918 2246 illic
934 2211 1146 2257 abbatissa,
1163 2223 1261 2258 quae
1281 2223 1477 2257 nunquam
1492 2211 1611 2255 canit,
1626 2211 1714 2244 hae-

80 2268 202 2303 retica
221 2274 281 2303 est
299 2271 362 2304 vel
388 2271 528 2305 saltem
553 2271 666 2305 valde
690 2270 738 2305 de
762 2270 915 2305 haeresi
943 2276 1138 2316 suspecta,
1165 2276 1205 2305 et
1230 2282 1305 2305 una
1331 2270 1405 2304 alia
1430 2270 1540 2315 virgo
1566 2270 1712 2313 vetula,

79 2338 177 2373 quae
196 2329 277 2362 sola
293 2328 398 2363 canit
415 2341 503 2364 cum
518 2329 670 2364 duobus
685 2329 831 2376 pueris,
847 2329 990 2365 nostris
1005 2329 1246 2375 discipulis.»
1263 2329 1362 2364 Vide
1380 2334 1498 2363 totam
1514 2327 1617 2362 illam
1633 2326 1713 2374 epi-

76 2387 218 2421 stolam
237 2388 338 2433 apud
357 2389 549 2434 HANSEN,
571 2390 644 2424 loc.
665 2390 757 2435 cit.,
776 2401 865 2435 pag.
885 2397 968 2433 427,
988 2388 1072 2433 428.

153 2449 162 2468 ¹
213 2446 293 2491 Sic,
312 2459 381 2493 pro
400 2448 651 2494 Haemerulo,
666 2448 715 2483 de
733 2460 808 2495 quo
828 2448 918 2483 vide
938 2448 1208 2494 appendicem,
1228 2460 1266 2482 n.
1287 2448 1322 2481 Ι.

148 2508 162 2527 ⁴2
212 2507 257 2540 In
275 2506 504 2553 appendice,
524 2520 565 2542 n.
591 2509 623 2553 I,
644 2513 735 2543 sunt
754 2513 938 2554 excerpta
957 2508 1147 2542 examinis
1163 2507 1323 2553 Joannis
1343 2506 1537 2552 Dionysii.

148 2565 162 2585 ³
211 2565 419 2611 Polancus,
441 2578 489 2600 ex
508 2567 798 2611 commissione,
818 2567 995 2602 Tridenti
1014 2566 1055 2601 31
1079 2567 1185 2612 Aug.
1214 2566 1303 2610 1562
1322 2566 1417 2600 haec
1435 2566 1483 2600 ad
1502 2566 1545 2599 P.
1563 2565 1711 2600 Madrid

71 2621 125 2657 de
148 2624 315 2669 collegio
339 2625 544 2671 Herbipoli
574 2626 816 2661 instituendo
847 2626 1057 2661 scribebat:
1091 2626 1168 2659 «La
1198 2626 1245 2659 R.
1272 2625 1320 2659 V.
1353 2623 1453 2659 auisi
1483 2636 1525 2659 se
1553 2624 1575 2658 ’l
1601 2624 1710 2659 detto

76 2682 142 2716 Re
172 2682 325 2718 Giouan
343 2685 501 2719 Morauo
520 2691 580 2720 sta
598 2691 705 2721 tanto
724 2685 881 2721 innanzi
898 2687 970 2721 che
989 2685 1022 2720 si
1046 2691 1203 2731 potesse
1228 2683 1385 2718 mandar
1410 2684 1449 2719 in
1477 2684 1708 2729 Alemagna,

76 2741 256 2777 massime
275 2754 343 2788 per
361 2744 583 2790 compiacer
601 2746 636 2779 al
656 2756 828 2780 vescouo
847 2745 895 2779 de
914 2744 1120 2790 Herbipoli
1137 2745 1209 2778 che
1228 2743 1333 2778 tiene
1352 2743 1391 2778 in
1410 2743 1544 2778 ordine
1563 2743 1628 2777 un'
1653 2743 1710 2777 in-

72 2805 174 2835 ·trata
191 2801 240 2836 de
259 2813 418 2848 apresso
440 2812 530 2839 1000
548 2804 672 2849 scudi,
693 2811 732 2840 et
750 2804 784 2839 si
802 2804 1110 2840 contentarebbe
1130 2803 1268 2837 adesso
1287 2802 1325 2837 d’
1346 2815 1397 2837 un
1416 2802 1648 2849 predicator,
1675 2803 1708 2836 si

72 2859 153 2895 ben
171 2871 248 2895 non
266 2872 308 2896 se
327 2861 354 2897 li
373 2863 622 2898 mandassero
641 2863 667 2898 li
686 2864 835 2909 mastri,
855 2870 946 2905 etc„
975 2868 1014 2898 et
1041 2862 1369 2908 consignarebbe,
1388 2874 1410 2896 a
1439 2863 1528 2908 quel
1548 2862 1620 2897 che
1652 2860 1709 2895 in-

72 2918 206 2962 tendo,
226 2920 252 2954 il
271 2921 452 2966 collegio,
472 2927 572 2958 etc.»
592 2924 650 2958 Ex
669 2924 896 2970 archetypo,
916 2923 955 2957 in
977 2922 1077 2957 Cod.
1103 2922 1225 2963 PLB,
1254 2930 1293 2965 51
1321 2920 1438 2965 (328).

146 2979 160 2999 ⁴
210 2979 269 3013 De
288 2980 438 3015 Busaeo
457 2988 496 3016 et
514 2982 634 3017 Fabio
652 2982 742 3017 vide
762 2982 932 3029 append.
957 2983 1030 3017 loc.
1051 2981 1118 3015 cit.
