1958 3210
612 172 658 208 29
684 165 929 199 DECEMBms
960 164 1049 209 1562
1592 175 1655 211 195

125 279 189 320 13.
267 266 450 320 Quanto
473 265 513 307 al
541 272 661 308 resto
690 265 735 307 di
766 265 985 320 scriuere,
1010 268 1068 310 N.
1106 269 1158 310 Ρ.
1191 268 1366 312 benche
1390 267 1433 310 10
1465 274 1656 310 trouauo

34 344 104 386 dal
124 341 340 398 principio
362 342 501 384 molto
523 341 684 394 alieno,
710 357 782 384 ma
810 357 901 384 non
932 350 1057 386 tanto
1086 345 1265 397 adess03
1293 351 1337 388 et
1368 359 1426 387 uo
1461 346 1656 387 anchora

33 420 309 476 designando
326 434 411 462 con
429 434 509 462 sua
528 418 625 462 1³1&
649 435 697 463 se
714 420 957 475 potessimo
975 427 1126 463 trouar
1143 422 1305 464 alcuno
1323 422 1435 464 altro
1453 421 1499 464 in
1516 423 1658 464 Roma

34 499 116 541 che
152 495 560 553 sperimentassimo
596 496 633 540 si
671 496 948 541 riuscirebbe
986 512 1064 553 per
1101 498 1298 542 scriuere
1334 501 1360 541 ¹.
1401 499 1502 541 Con
1541 505 1659 541 tutto

36 580 189 630 questo
211 573 253 616 io
275 574 334 615 ho
356 588 572 629 speranza
589 574 690 617 chel
709 576 759 616 P.
787 576 910 617 M.tr0
940 573 1123 617 Canisio
1141 578 1268 630 potra
1290 575 1461 618 aiutare
1479 575 1523 616 in
1547 575 1659 618 scri-

35 659 137 688 uere
159 650 283 687 tanto
306 644 424 687 forsa
445 659 573 687 come
596 644 910 701 qualsiuoglia.
934 646 1056 688 Hase
1079 647 1275 688 anchora
1293 646 1448 688 scritto
1467 649 1492 688 a
1515 648 1657 689 Roma

34 729 115 766 'con
151 720 391 777 diligencia
428 723 512 765 che
555 724 666 765 Μ.Υο
695 722 857 764 Fuluio
885 729 930 765 et
960 724 1070 765 M.r0
1111 722 1400 778 Perpignano
1440 724 1473 776 ⁴²,
1513 725 1596 766 che
1633 723 1658 766 e

33 799 62 841 il
82 798 316 850 rhetorico,
342 805 386 841 et
408 798 437 840 li
460 798 652 854 migliori
675 800 716 841 13
739 799 795 841 (16
818 800 879 855 gl’
906 799 1005 842 altri
1028 801 1112 844 che
1134 801 1284 841 hanno
1303 800 1412 842 letto
1432 800 1657 842 rhetorica

32 875 164 918 molto
202 882 366 930 tempo,
388 875 562 918 faccino
599 875 737 920 latine
774 877 816 920 le
837 878 997 920 lettere
1035 877 1145 920 dell’
1171 876 1310 928 India,
1347 884 1391 920 et
1424 876 1465 918 io
1501 891 1585 919 con
1615 877 1657 919 la

33 951 174 1008 gratia
194 951 266 995 del
289 951 455 1007 Signor
477 954 577 996 saro
600 952 862 995 sollicitator
884 953 927 995 di
947 960 1064 997 tutte
1086 960 1246 1008 queste
1269 968 1377 997 cose
1395 954 1426 995 ⁵.

123 1040 188 1081 14.
254 1029 323 1072 De
345 1030 485 1071 hauer
508 1029 715 1085 maggior
745 1031 908 1073 facolta
930 1031 979 1071 in
993 1031 1106 1087 foro
1131 1030 1344 1072 interiori
1369 1044 1445 1085 per
1463 1031 1656 1074 Germa-

33 1105 118 1158 nia,
145 1106 260 1148 ultra
282 1107 398 1150 delle
421 1106 509 1150 due
531 1107 670 1160 dette,
696 1106 733 1149 si
759 1110 1000 1162 procurara
1022 1107 1342 1163 specialmente
1370 1122 1448 1163 per
1475 1107 1505 1149 li
1536 1107 1654 1158 libri,

31 1183 159 1238 dopoi
180 1184 264 1226 che
286 1183 351 1225 sia
383 1197 507 1226 meso
542 1183 657 1226 fuori
680 1183 710 1225 il
743 1185 968 1240 catalogo,
994 1186 1066 1227 del
1096 1185 1227 1240 quale
1260 1183 1296 1226 si
1321 1191 1455 1227 tratta
1478 1184 1653 1227 adesso.

33 1260 114 1303 Del
131 1266 252 1304 resto
271 1260 419 1304 scriue
441 1260 470 1302 il
495 1263 546 1303 P.
575 1263 621 1304 M
629 1260 663 1303 .⁰
683 1262 881 1304 Polanco
899 1263 926 1303 ⁴.
948 1261 1067 1305 Nelli
1090 1261 1294 1317 sacrificij
1314 1262 1429 1305 della
1448 1263 1500 1304 R.
1529 1263 1585 1304 V.
1613 1268 1657 1304 et

31 1336 132 1380 delli
153 1337 277 1393 padri
297 1344 342 1380 et
363 1338 555 1380 orationi
579 1339 634 1381 de
657 1338 818 1381 fratelli
845 1338 905 1381 mi
928 1340 1225 1381 raccomando
1258 1340 1330 1381 nel
1360 1339 1569 1394 Signore.
1596 1337 1655 1380 Di

34 1415 211 1466 Trento,
239 1399 294 1472 {9
316 1414 360 1457 di
382 1416 515 1458 X‚bre
545 1417 670 1470 1562.

102 1607 112 1626 ¹
163 1605 365 1640 Scribendi
396 1605 653 1640 ministerium
685 1605 815 1651 magni
845 1605 1076 1640 aestimabat
1107 1604 1301 1648 Canisius,
1335 1604 1449 1651 idque
1481 1616 1548 1650 pro
1578 1604 1654 1639 fide

30 1664 215 1699 catholica
234 1664 273 1699 in
298 1664 507 1700 Germania
526 1664 670 1699 tuenda
689 1677 933 1711 summopere
960 1664 1136 1700 conferre
1161 1675 1236 1698 non
1254 1663 1470 1707 dubitabat3
1491 1663 1654 1710 ideoque

31 1723 239 1759 verisimile
257 1735 410 1770 prorsus
430 1729 490 1759 est
508 1724 637 1759 Natali
661 1724 890 1759 Tridentum
916 1723 1177 1770 proficiscenti
1202 1723 1495 1758 commendasse
1522 1728 1564 1757 ut
1588 1722 1655 1757 ali-

30 1794 124 1829 quos
142 1794 162 1817 e
181 1783 294 1818 sociis
313 1795 334 1818 a
352 1783 570 1829 praeposito
587 1783 761 1829 generali
779 1783 976 1829 designari
995 1788 1161 1828 curaret,
1177 1783 1243 1829 qui
1261 1783 1350 1817 huic
1370 1782 1519 1817 muneri
1537 1782 1654 1816 desti-

29 1848 225 1878 narentur.
251 1842 414 1889 Saepius
433 1843 533 1877 idem
553 1843 732 1878 Canisius
752 1843 791 1878 in
817 1843 896 1878 suis
921 1843 1096 1889 epistolis
1121 1844 1193 1877 hoc
1218 1842 1420 1888 negotium
1445 1842 1652 1876 Societatis

30 1900 332 1936 moderatoribus
350 1901 650 1936 commendavit.
667 1903 728 1946 Et,
744 1907 785 1937 ut
800 1902 872 1936 alia
888 1902 1109 1936 testimonia
1128 1901 1318 1942 omittam,
1335 1901 1456 1947 ipsius
1473 1901 1592 1935 verba
1606 1901 1653 1935 ad

28 1959 71 1995 P.
97 1960 272 1995 Lainium
291 1960 335 1995 23
356 1961 499 2007 Aprilis
522 1961 610 2005 1558
628 1961 717 1996 data
735 1961 906 2008 proferre
922 1961 1100 1996 sufficiat:
1119 1962 1177 1995 «la
1193 1971 1308 2006 opera
1326 1960 1566 1995 riuscirebbe
1582 1971 1653 1994 con

27 2030 120 2065 gran
142 2020 346 2066 guadagno
373 2020 420 2055 de
447 2020 612 2056 autorita
642 2032 826 2067 appresso
849 2021 950 2056 della
979 2026 1098 2066 gente
1127 2020 1328 2064 thudesca,
1354 2021 1389 2054 la
1413 2021 1500 2066 qual
1527 2019 1563 2053 fa
1588 2019 1653 2065 pisi

23 2085 134 2114 conto
152 2079 200 2114 de
216 2092 266 2114 un
284 2080 463 2115 scrittore
481 2081 552 2115 che
571 2080 619 2114 de
638 2080 739 2115 dieci
755 2080 923 2115 lettori.»
940 2081 1294 2119 BRAUNSBERGER,
1313 2080 1385 2114 106.
1403 2079 1486 2122 cit.,
1502 2079 1554 2124 II,
1570 2088 1650 2123 259.

95 2137 110 2157 ²
159 2139 318 2173 Fulvius
338 2138 543 2185 Cardulus‚
563 2144 602 2174 et
620 2140 757 2174 Petrus
778 2139 958 2185 Perpifia.
986 2139 1084 2173 Vide
1105 2139 1224 2184 epist.
1249 2137 1331 2182 237,
1352 2151 1389 2172 n.
1411 2149 1445 2183 9.

98 2198 111 2218 ⁵
160 2198 260 2232 Vide
284 2198 400 2244 epist.
432 2197 515 2243 237,
540 2210 578 2233 n.
605 2209 640 2242 93
667 2203 706 2233 et
724 2198 806 2243 243,
832 2211 869 2233 n.
891 2209 925 2244 9.
955 2198 1028 2232 Die
1053 2204 1183 2233 autem
1207 2206 1228 2242 7
1257 2197 1429 2243 Januarii
1452 2196 1540 2241 1563
1558 2198 1653 2231 haec

31 2256 218 2292 Polancus
236 2257 341 2292 Patri
365 2257 550 2292 Madridio
569 2257 776 2293 scribebat:
807 2257 1011 2292 «Resciuio
1036 2257 1084 2291 N.
1110 2258 1154 2294 P.
1181 2258 1236 2292 las
1255 2257 1303 2291 de
1324 2258 1371 2291 V.
1391 2257 1437 2291 R.
1459 2256 1506 2290 de
1526 2255 1572 2290 30
1590 2257 1651 2291 del

32 2316 205 2361 passado,
224 2329 250 2362 y
268 2316 331 2351 uio
350 2318 386 2351 lo
404 2329 479 2363 que
498 2328 539 2351 se
558 2317 709 2351 escriue
727 2316 775 2351 de
802 2328 929 2351 nueuo
949 2317 1062 2351 sobre
1090 2317 1125 2352 la
1145 2316 1371 2351 translation
1391 2316 1439 2349 de
1460 2316 1515 2349 135
1534 2316 1652 2351 letras

32 2374 79 2410 de
97 2377 131 2410 la
148 2376 270 2420 India,
289 2388 329 2422 y,
348 2388 500 2423 aunque
519 2388 684 2422 parecen
703 2378 853 2411 buenos
870 2376 1075 2411 recuerdos
1095 2377 1131 2410 lo
1150 2376 1234 2421 [sic]
1252 2388 1327 2422 que
1342 2375 1389 2410 da
1405 2375 1452 2409 V.
1468 2376 1530 2419 R„
1548 2375 1653 2410 toda·

33 2436 94 2470 uia
110 2436 146 2470 le
164 2447 301 2482 parece
320 2438 339 2470 a
358 2436 406 2470 N.
428 2436 469 2471 P.
488 2447 563 2482 que
590 2436 683 2470 Μ.1’Ο
703 2435 840 2470 Fuluio
867 2435 983 2482 podra
1009 2446 1213 2480 comencar
1240 2433 1468 2480 empleando
1496 2446 1544 2468 en
1569 2440 1653 2469 esto

32 2495 146 2540 algsm
164 2495 318 2541 tiemp0‚
342 2495 400 2530 sin
418 2495 537 2530 dexar
556 2507 601 2530 su
619 2495 771 2530 estudio
789 2495 836 2530 de
861 2495 1072 2540 theologia,
1100 2506 1125 2540 y
1145 2495 1180 2528 el
1200 2497 1272 2528 3ῆο
1291 2498 1424 2527 entero
1441 2504 1515 2538 que
1536 2492 1653 2527 desea

33 2555 199 2600 emplear
217 2566 265 2589 en
284 2556 318 2589 el
338 2555 374 2589 lo
392 2554 509 2600 podra
527 2555 642 2589 hazer
660 2554 827 2601 despues
844 2566 919 2601 que
939 2566 980 2588 se
1006 2555 1125 2588 acabe
1146 2557 1229 2588 esta
1248 2552 1474 2587 translation
1493 2564 1518 2598 y
1535 2553 1569 2587 al
1589 2564 1653 2587 ve-

30 2624 120 2648 rano
137 2625 211 2660 que
230 2613 344 2649 uiene
361 2613 512 2660 quando
531 2614 607 2648 den
626 2615 735 2659 lugar
753 2615 808 2648 las
827 2613 1024 2648 uacantias
1044 2612 1092 2647 de
1119 2613 1173 2647 las
1200 2612 1403 2655 lectiones,
1424 2614 1445 2645 ό
1465 2613 1499 2646 el
1519 2623 1652 2647 menor

29 2672 169 2719 tiempo
186 2684 260 2719 que
279 2684 328 2708 en
346 2674 439 2708 61135
458 2685 500 2708 56
517 2675 685 2718 gastarai,
702 2673 819 2719 podra
833 2674 948 2707 hazer
963 2683 1096 2717 mayor
1110 2681 1330 2717 progresso:
1347 2683 1372 2716 y
1387 2681 1495 2704 como
1510 2671 1651 2716 alguna

29 2736 143 2777 tenga
161 2732 372 2777 traducida‚
392 2734 427 2767 la
445 2734 573 2767 embie
591 2735 612 2767 a
630 2732 679 2767 N.
700 2733 743 2767 P.
765 2731 806 2767 Si
825 2744 874 2767 en
899 2737 982 2767 este
1002 2730 1129 2766 medio
1154 2730 1302 2765 uiniere
1327 2730 1429 2764 Μ.1”ο
1454 2729 1647 2775 Vanegas,

30 2790 144 2837 podra
161 2803 223 2827 ser
240 2803 314 2839 que
333 2793 368 2827 61
388 2791 503 2827 aliuie
522 2793 556 2826 al
574 2792 617 2826 P.
639 2791 776 2826 Fuluio
794 2791 842 2826 de
859 2802 955 2836 gran
974 2796 1081 2836 parte
1100 2789 1211 2824 deste
1237 2789 1387 2834 trabajo
1408 2802 1425 2822 »
1445 2789 1502 2823 Ex
1521 2790 1652 2824 arche-

32 2854 139 2897 typo,
156 2851 195 2886 in
216 2850 310 2886 Cod.
330 2851 452 2893 PLB,
473 2861 518 2896 94
537 2851 602 2895 (6).

98 2911 114 2931 4
161 2910 271 2945 Hanc
301 2911 504 2957 epistolam
535 2909 656 2945 edidit
686 2910 1040 2953 BRAUNSBERGER‚
1073 2910 1148 2944 loc.
1181 2907 1264 2953 cit„
1299 2907 1370 2952 111,
1403 2907 1573 2953 581-585‚
1601 2919 1652 2942 ex

34 2967 167 3004 eodem
184 2975 355 3017 regesto,
374 2969 439 3004 fol.
462 2969 542 3016 126,
561 2969 841 3015 depromptam.
