1958 3210
255 171 326 205 218
801 167 938 201 EPIST.
968 166 1011 201 P.
1042 166 1309 211 NADAL—255

259 274 386 316 desta
407 270 632 326 qualidad3
658 283 687 325 y
718 268 868 312 donde
895 271 994 311 sera
1025 275 1266 320 menester,
1292 282 1341 310 se
1363 269 1502 324 podra
1532 269 1611 312 dar
1634 268 1893 312 testimonio

260 352 316 392 de
337 350 380 392 10
404 363 490 404 que
512 348 720 390 sabernos
745 347 774 388 ¹.

351 439 391 469 2.
458 425 511 467 El
534 425 587 467 P.
614 422 798 466 Canisio
829 437 905 466 sea
935 437 991 466 en
1019 423 1141 465 buen
1169 424 1280 465 hora
1308 423 1496 466 tornado
1525 437 1631 479 para
1661 423 1890 479 Augusta,

260 519 347 590 que
369 503 440 546 alli
465 516 523 544 no
545 502 588 545 le
611 501 769 544 faltara
792 515 848 544 en
871 503 958 555 que
980 499 1198 542 entender
1220 506 1317 543 esta
1340 499 1608 555 quaresima‚
1634 515 1663 556 y
1691 499 1796 542 bien
1819 500 1895 542 fue
1948 511 1950 516 ’

332 615 343 635 ¹
395 616 505 661 Quae
521 585 586 649 hic
604 612 761 647 nomine
780 611 905 647 Lainii
924 611 1080 658 scripsit
1105 612 1313 658 Polancus,
1339 623 1387 646 ex
1411 612 1666 658 sequentibus
1692 611 1839 648 Canisii
1858 616 1898 646 et
1931 619 1951 654 j,

262 675 404 711 Dolfini
423 672 598 720 epistolis
618 673 836 707 luculenter
853 671 1142 715 confirmantur3
1159 671 1351 718 simulque
1367 671 1518 706 Natalis
1535 671 1636 718 apud
1651 676 1779 706 tantos
1794 671 1898 705 viros

257 734 469 770 auctoritas
488 732 798 768 commendatur.
825 731 1006 767 Canisius
1026 730 1198 777 quidem,
1230 739 1267 765 ΙΙ
1296 731 1499 766 Februarii
1525 730 1629 775 1563,
1655 732 1751 766 haec
1779 729 1901 767 Oeni-

261 801 379 842 ponte
398 794 503 829 Patri
523 793 666 827 Lainez
685 792 894 827 scribebat:
918 791 1053 826 «Nunc
1080 790 1186 826 adfui
1215 792 1327 826 R.m0
1355 792 1408 826 D.
1433 791 1580 825 Nuntio
1606 790 1816 837 Delphino,
1835 788 1903 836 qui

260 867 377 902 super
396 855 467 889 hac
484 865 526 888 re
545 853 720 899 pluribus
741 863 892 886 mecum
913 851 994 897 egit
1013 862 1056 885 ac
1075 857 1232 886 sanctae
1252 850 1357 886 sedis
1377 851 1613 897 apostolicae
1638 849 1758 884 fidum
1777 861 1820 884 se
1839 849 1906 883 de-

261 916 456 950 fensorem
476 914 651 949 exhibet.
678 912 753 946 Hic
771 911 909 946 suadet
928 916 1113 958 optatque
1133 912 1388 946 vehementer
1407 910 1545 945 adesse
1561 910 1673 945 nobis
1689 910 1739 944 R.
1760 910 1807 944 P.
1829 909 1906 943 Na·

262 976 380 1010 talem
407 973 537 1008 multis
563 971 792 1017 magnisque
816 970 864 1005 de
889 970 1032 1014 causis,
1060 975 1101 1004 vt
1126 969 1355 1016 praesertim
1380 969 1533 1004 duobus
1559 968 1659 1014 aliis,
1684 979 1781 1014 quos
1806 966 1903 1012 dixi,
1955 971 1958 979 “

263 1033 456 1079 theologis
482 1031 594 1066 facile
620 1031 721 1066 inter
746 1041 788 1064 se
812 1028 1077 1074 consensuris,
1104 1028 1160 1063 vti
1185 1027 1438 1063 metuendum
1464 1032 1538 1070 est,
1564 1038 1636 1072 ego
1664 1038 1725 1061 me
1748 1025 1894 1061 rectius

264 1104 458 1140 opponere
478 1091 636 1138 possim,
656 1095 695 1124 et
720 1089 819 1124 tueri
838 1088 1138 1123 conuenientius
1169 1088 1251 1122 iura
1282 1087 1501 1122 Ecclesiae.
1527 1086 1679 1122 Scribet
1705 1087 1777 1120 hac
1794 1085 1843 1120 de
1861 1096 1903 1119 re

266 1154 368 1189 idem
387 1152 545 1187 nuntius
564 1150 611 1185 ad
637 1148 925 1184 illustrissimos
952 1149 1116 1194 legatos,
1143 1152 1196 1191 et,
1223 1147 1262 1182 ni
1286 1147 1410 1192 fallar,
1437 1146 1673 1181 mentionem
1697 1145 1814 1180 faciet
1839 1156 1902 1179 ex-

265 1224 438 1260 pressam
458 1212 505 1246 P.
530 1209 694 1255 Natalis,
714 1220 829 1255 quem
849 1209 919 1242 hac
939 1207 1141 1242 occasione
1161 1207 1353 1242 Viennam
1372 1206 1611 1241 commodius
1629 1205 1903 1250 nauigaturum

266 1285 354 1308 esse
385 1271 587 1307 confido.»
620 1270 677 1304 Ex
709 1269 969 1314 autographo,
998 1268 1037 1303 in
1068 1268 1203 1315 Epist.
1237 1266 1409 1308 Canisii,
1436 1267 1467 1312 I,
1496 1265 1562 1300 113
1586 1268 1703 1310 (291).
1733 1263 1904 1299 Nuntius

265 1339 397 1368 autem
434 1330 611 1366 Dolfinus
647 1328 695 1363 ad
731 1330 882 1377 legatos
912 1327 1082 1373 concilii,
1119 1335 1155 1362 11
1184 1327 1384 1361 Februarii
1421 1325 1533 1371 1563,
1566 1326 1661 1360 haec
1692 1323 1904 1359 referebat:

267 1406 333 1429 «...
353 1393 397 1426 In
417 1396 553 1438 questo
571 1400 661 1424 caso
681 1388 817 1435 poiche
837 1388 863 1422 li
879 1386 1005 1434 pareri
1024 1386 1062 1421 di
1077 1387 1231 1421 Mons.r
1252 1385 1503 1421 Comendone
1520 1390 1559 1419 et
1577 1384 1665 1419 miei
1684 1395 1761 1418 non
1781 1392 1908 1429 ponno

281 1465 388 1488 esser
408 1463 449 1486 se
468 1462 544 1486 non
564 1448 727 1495 sospetti
747 1448 1066 1493 all'imperatore,
1099 1446 1135 1481 io
1167 1446 1294 1492 doppo
1321 1451 1421 1480 tutta
1441 1447 1476 1480 13
1501 1443 1814 1479 consideratione
1834 1443 1906 1477 che

268 1511 344 1560 pud
362 1511 489 1546 uscire
508 1510 556 1545 da
574 1510 609 1544 13
634 1508 709 1543 11113
728 1508 953 1553 debolezza,
984 1506 1036 1541 mi
1066 1517 1160 1541 sono
1184 1506 1347 1540 risoluto
1366 1505 1404 1539 di
1430 1504 1486 1539 far
1511 1504 1586 1538 due
1611 1514 1715 1538 cose:
1746 1504 1852 1537 l’una
1869 1501 1909 1537 di

268 1582 471 1619 procurare
491 1571 563 1605 che
582 1568 660 1603 Sua
686 1568 855 1604 Cesarea
873 1566 1022 1601 Maesta
1047 1565 1241 1611 aggionga
1271 1576 1293 1599 a
1320 1564 1449 1611 questi
1469 1563 1640 1609 theologi
1673 1563 1697 1597 il
1727 1563 1908 1607 theologo

273 1632 361 1677 mio,
381 1634 614 1665 nouamente
634 1632 858 1674 presentato
878 1626 926 1661 da
946 1626 997 1660 lei
1015 1627 1048 1660 al
1070 1630 1279 1660 vesconato
1298 1624 1337 1659 di
1364 1623 1526 1669 Pedina,
1546 1629 1584 1658 et
1609 1622 1660 1657 dil
1687 1623 1800 1669 quale
1820 1632 1908 1656 essa

271 1692 538 1726 ultimamente
559 1690 608 1723 ha
625 1688 734 1722 detto
754 1699 805 1721 un
822 1697 919 1732 gran
938 1687 1055 1731 bene,
1074 1684 1291 1719 hauendolo
1316 1684 1480 1719 insieme
1504 1684 1563 1718 601
1590 1681 1847 1717 Serenissimo
1865 1692 1907 1716 re

270 1751 309 1786 di
338 1749 485 1785 romani
520 1748 627 1783 udito
663 1746 862 1794 predicare
898 1745 1350 1780 catholicissimamente.
1387 1744 1532 1779 L'altra
1566 1745 1905 1777 reuerentemente

271 1810 488 1857 supplicare
513 1810 548 1843 16
573 1808 648 1843 SS.
674 1807 762 1841 VV.
788 1807 913 1840 Ill.me
939 1807 1010 1840 che
1035 1805 1116 1839 cosi
1141 1804 1349 1851 parendole
1375 1803 1608 1850 ispediente,
1635 1801 1809 1836 facciano
1833 1811 1905 1835 con

271 1869 431 1906 celerita
449 1868 558 1904 uenir
576 1867 641 1914 qui
660 1866 685 1902 il
706 1867 747 1901 P.
769 1865 997 1900 Hieronimo
1017 1865 1155 1899 Natale
1175 1863 1328 1907 iesuita,
1344 1864 1415 1898 che
1431 1863 1472 1897 fu
1491 1864 1548 1897 col
1569 1862 1669 1897 R.d0
1689 1862 1731 1896 P.
1750 1861 1906 1906 Laynez

273 1941 343 1965 suo
361 1928 555 1976 preposito
574 1927 613 1962 in
632 1925 808 1971 Francia,
829 1930 867 1960 et
884 1936 957 1959 con
976 1924 1109 1959 ordine
1129 1924 1200 1958 che
1220 1935 1337 1958 senza
1355 1924 1427 1958 che
1454 1922 1542 1957 altri
1566 1923 1637 1956 che
1663 1932 1750 1956 esso
1773 1930 1909 1966 prepo-

273 1990 348 2025 sito
373 1999 559 2034 sappesse
583 1988 619 2021 la
644 1996 760 2020 causa
786 1984 834 2019 de
860 1985 895 2019 la
922 1995 991 2019 sua
1016 1983 1171 2030 partita,
1196 1982 1365 2029 capitato
1390 1982 1455 2028 qui
1480 1982 1595 2016 desse
1626 1980 1727 2015 fama
1751 1980 1814 2014 nel
1841 1989 1910 2013 suo

268 2049 453 2094 collegio,
485 2051 636 2082 eccetto
667 2046 738 2080 che
769 2046 828 2079 601
854 2043 1027 2087 Canisio,
1059 2043 1084 2078 il
1115 2044 1228 2090 quale
1259 2042 1418 2077 intende
1450 2041 1510 2076 610
1542 2052 1651 2075 meco
1682 2038 1910 2083 benissimo,

274 2109 423 2144 d'esser
441 2112 585 2142 uenuto
610 2106 824 2140 solamente
851 2115 919 2150 per
944 2102 1242 2137 raccomandare
1266 2102 1293 2137 li
1317 2101 1404 2137 altri
1432 2100 1589 2146 collegii
1614 2113 1635 2135 a
1662 2100 1739 2135 Sua
1764 2097 1911 2134 Maesta

274 2166 617 2214 Cesarea,'perche
635 2163 924 2211 gouernandosi
942 2162 1009 2210 qui
1026 2174 1136 2197 come
1156 2162 1193 2197 io
1212 2162 1237 2197 li
1256 2160 1354 2208 diro,
1374 2172 1488 2208 spero
1505 2171 1670 2196 cauarne
1690 2159 1716 2194 li
1740 2158 1831 2194 beni
1856 2157 1911 2193 in-

275 2227 479 2263 frascritti.

347 2287 429 2323 Che
448 2286 724 2332 l'imperatore,
744 2284 769 2319 il
788 2284 902 2331 quale
921 2282 1061 2329 perche
1082 2283 1102 2317 'e
1122 2281 1161 2316 di
1180 2281 1233 2316 lui
1252 2281 1520 2316 ottimamente
1546 2279 1750 2326 impresso,
1769 2276 1910 2324 perche

276 2348 356 2383 l'ha
373 2348 469 2382 altre
489 2347 592 2381 uolte
611 2336 769 2386 uedut0‚
791 2349 830 2378 et
850 2344 953 2377 m'ha
972 2342 1011 2377 di
1030 2342 1082 2376 lui
1103 2341 1209 2376 udito
1234 2342 1396 2387 parlare,
1423 2339 1600 2375 hauendo
1625 2350 1721 2374 anco
1747 2338 1910 2384 rispetto

275 2406 421 2453 ch'egli
439 2406 495 2441 sia
513 2410 614 2441 stato
632 2416 681 2440 ne
700 2405 736 2439 le
755 2401 971 2439 trattationi
990 2401 1028 2436 di
1047 2401 1223 2445 Francia,
1244 2402 1279 2435 lo
1299 2399 1539 2445 aggiungera
1557 2398 1780 2434 facilmente
1798 2407 1907 2432 come

277 2469 313 2503 lo
331 2478 458 2512 uegga
475 2465 496 2501 a
515 2467 550 2500 la
568 2464 746 2512 predetta
764 2460 1051 2497 consultatione
1076 2460 1124 2495 de
1149 2459 1340 2505 theologi.

349 2526 432 2561 Che
450 2537 527 2560 non
546 2522 746 2570 seguendo
763 2526 916 2569 quest0‚
936 2519 1046 2566 potra
1070 2519 1305 2555 nondimeno
1333 2530 1420 2554 esso
1446 2518 1569 2553 Padre
1594 2517 1675 2552 fare
1698 2517 1747 2552 da
1771 2528 1813 2551 se
1838 2527 1911 2550 eon

278 2584 504 2622 l’occasioni
526 2583 629 2620 ch'io
654 2583 681 2618 li
705 2579 906 2625 mostraro,
934 2579 1042 2615 molti
1068 2579 1159 2614 boni
1184 2579 1310 2622 offitii,
1337 2590 1414 2613 non
1434 2579 1516 2613 solo
1535 2589 1608 2612 con
1637 2578 1673 2612 la
1702 2575 1913 2611 medesima

278 2645 441 2691 Maesta,
460 2657 522 2680 ma
539 2645 599 2679 col
618 2641 861 2678 franciscano
881 2651 950 2676 suo
969 2640 1168 2686 spagnolo,
1189 2644 1228 2673 et
1246 2637 1349 2673 forsa
1367 2649 1509 2673 ancora
1528 2638 1586 2672 601
1606 2635 1801 2682 Staphilo.

350 2707 433 2741 Elle
451 2705 607 2751 dunque
627 2703 660 2738 si
677 2703 981 2745 rissolueranno,
1002 2710 1111 2734 come
1136 2698 1269 2745 parera
1295 2710 1316 2732 a
1340 2699 1375 2733 la
1401 2699 1481 2733 loro
1507 2695 1709 2743 sapientia:
1736 2696 1813 2730 ben
1831 2705 1917 2729 cre-

278 2766 385 2801 derei
405 2777 511 2800 esser
529 2764 577 2799 da
595 2773 802 2810 procurare
821 2762 893 2796 che
913 2758 1093 2795 douendo
1112 2758 1136 2793 il
1157 2758 1265 2794 detto
1285 2757 1402 2804 padre
1428 2757 1577 2802 uenire,
1597 2760 1706 2802 parta
1730 2760 1770 2790 et
1788 2764 1914 2799 uenga

279 2837 396 2861 senza
413 2824 575 2871 perdere
594 2822 705 2858 oncia
723 2821 762 2856 di
783 2826 915 2867 tempo
935 2825 974 2854 et
992 2818 1049 2854 sia
1073 2819 1138 2866 qui
1164 2819 1198 2854 al
1218 2817 1284 2864 piu
1302 2819 1434 2863 longo,
1454 2828 1522 2863 per
1540 2820 1642 2851 tutto
1661 2815 1687 2850 il
1706 2813 1771 2860 xvj
1791 2825 1813 2849 o
1832 2812 1910 2859 xvij

273 2885 342 2920 del
361 2889 576 2931 presente..
589 2909 597 2918 .
618 2883 678 2917 Da
695 2881 902 2928 Inspruch,
920 2878 985 2914 alli
1003 2877 1040 2924 xj
1061 2878 1099 2913 di
1118 2879 1288 2913 Febraro
1316 2874 1421 2920 1563.

354 2945 419 2980 Sul
438 2943 548 2978 finire
567 2942 606 2978 di
624 2948 777 2989 questa,
796 2939 975 2976 hauendo
1002 2938 1038 2974 io
1066 2937 1246 2973 mandato
1270 2949 1339 2984 per
1362 2937 1458 2971 altre
1482 2946 1613 2979 cause,
1640 2933 1665 2968 il
1690 2931 1912 2979 sopradetto

280 3004 464 3049 theologo
484 3002 558 3038 mio
577 3003 610 3037 al
629 3001 758 3037 dottor
777 3000 925 3045 Seldio,
942 2999 1050 3045 gl'ha
1075 2997 1198 3042 detto,
1216 2998 1288 3032 che
1313 2995 1419 3031 tiene
1445 3005 1622 3041 espressa
1640 2991 1911 3028 commissione
