1958 3210
836 170 924 205 I555
1029 150 1031 153 ”
1647 159 1694 204 37

62 270 196 312 domo
217 264 520 311 Gozadineae:
553 263 644 306 dixi
667 263 713 305 in
741 263 810 306 his
839 263 948 318 quid
977 263 1206 307 sentirem.
1241 263 1329 306 Hic
1352 262 1444 305 vidi
1466 263 1694 308 Salmero-

66 360 184 396 nem,
209 359 236 386 a
257 356 347 398 quo
368 340 523 384 audiui
543 342 594 383 P.
618 339 843 396 Ignatium
862 355 952 382 vno
969 340 1042 384 die
1064 340 1331 384 amandasse
1349 355 1375 382 a
1391 339 1623 384 Societate
1639 353 1696 382 ex

64 419 256 476 collegio
293 417 554 474 germanico
592 418 766 469 decem,
799 425 845 461 et
872 431 928 459 eo
957 416 1030 460 die
1059 416 1205 459 visum
1234 416 1241 474 Ι
1270 418 1405 473 longe
1438 416 1693 459 hilariorem

65 497 210 540 solito.
237 495 327 538 Hic
355 493 508 550 accepi
536 493 688 537 literas
716 509 742 536 a
772 495 824 537 P.
860 493 1053 549 Ignatio‚
1075 501 1123 536 vt
1141 494 1332 538 redirem
1351 494 1408 537 ad
1438 493 1690 545 Simonem,

62 572 192 617 cuius
214 571 450 627 negotium
468 577 615 613 totum
632 570 741 613 mihi
759 571 910 622 dabat,
932 570 1144 622 minatus,
1164 570 1202 612 si
1223 585 1315 612 non
1333 570 1499 613 rediret
1517 570 1574 612 ad
1592 570 1694 612 offi-

62 651 197 701 cium,
223 649 345 705 quod
366 649 423 691 ab
446 647 543 703 ipso
571 647 928 699 desiderabatur,
956 661 1004 690 se
1028 646 1219 702 amplius
1248 646 1367 689 illius
1398 661 1488 689 non
1510 645 1694 689 habitu-

65 741 163 769 rum
176 740 355 778 curam,
381 726 462 768 sed
484 724 604 767 illam
628 724 736 767 mihi
758 723 1038 768 relicturum.

150 802 309 846 Dimisi
339 804 527 845 Romam
563 801 855 845 Lambertum
885 808 930 844 et
965 801 1273 843 Ambrosium.
1309 802 1408 856 Ego
1439 800 1590 855 accepi
1620 815 1694 842 so—

64 880 183 923 cium
206 880 450 922 Iohannem
474 878 659 922 Nietum
688 879 716 920 ¹.

151 999 227 1042 56
248 1012 282 1040 v
715 999 940 1048 BASSANI,
979 1000 1042 1039 2.⁰

154 1110 240 1166 Egi
262 1125 440 1152 rursum
464 1124 566 1152 cum
591 1112 652 1153 M.
687 1109 871 1153 Simone
901 1109 1082 1152 nomine
1106 1110 1158 1151 Ρ.
1191 1107 1371 1165 Ignafij,
1398 1115 1443 1151 et
1472 1109 1601 1163 plane
1626 1107 1694 1149 vi-

65 1187 202 1231 debar
218 1186 283 1229 vti
300 1200 432 1242 posse
450 1185 764 1229 commissione
788 1185 935 1228 Patris
958 1193 1007 1227 vt
1029 1185 1091 1228 illi
1113 1184 1419 1229 renuntiarem
1442 1199 1490 1228 se
1508 1199 1533 1226 a
1557 1187 1695 1227 Patre

64 1264 120 1306 ad
141 1277 213 1306 me
234 1263 468 1318 rejectum,
488 1263 569 1306 sed
591 1262 710 1305 illius
733 1262 1005 1305 infirmitatis
1022 1262 1187 1306 missus
1207 1260 1300 1320 [sic;
1323 1263 1539 1304 misertus
1554 1262 1585 1316 Ρ]
1612 1275 1694 1303 cu—

63 1340 158 1384 raui
180 1347 229 1383 vt
251 1339 329 1399 [in]
351 1339 547 1395 aliquam
569 1339 923 1383 mediocritatem
946 1339 1136 1392 veniret,
1162 1354 1252 1395 qua
1274 1354 1454 1395 possem
1479 1340 1531 1382 P.
1558 1340 1694 1394 Igna-

64 1418 109 1473 tij
127 1417 277 1461 animo
306 1416 581 1461 satisfacere:
614 1431 714 1461 eam
743 1424 1017 1460 consecutus
1045 1416 1249 1469 discessi,
1275 1424 1321 1459 et
1344 1423 1495 1460 tamen
1518 1429 1695 1471 semper

62 1494 201 1537 multa
223 1493 269 1536 in
291 1494 367 1536 illo
391 1495 525 1537 Patre
546 1493 825 1545 desiderans,
853 1493 1050 1538 satisfeci
1073 1501 1230 1550 postea
1254 1495 1306 1536 P.
1333 1493 1511 1550 Ignatio
1535 1494 1565 1535 ².

147 1615 216 1656 57
240 1628 274 1654 v
731 1614 766 1656 F
771 1627 1013 1656 ERRAR1AE

148 1726 270 1770 Nihil
293 1726 529 1782 impediuit
557 1727 832 1783 ingressum,
864 1727 988 1782 prius
1016 1727 1136 1770 enim
1166 1727 1431 1783 impedierat
1453 1727 1574 1782 quod
1606 1729 1679 1769 Pa-

63 1803 183 1846 tauio
206 1803 457 1847 veniebam.
485 1802 694 1855 Visitaui,
721 1811 808 1846 etc.
836 1804 1040 1848 Intellexi
1058 1803 1276 1847 Factricis
1297 1803 1627 1860 benignitatem
1651 1812 1697 1848 et

62 1881 370 1936 eleemosynas
392 1879 438 1922 in
461 1887 661 1932 nostrOS,
688 1887 732 1925 et
755 1881 1037 1925 voluntatem
1061 1895 1118 1924 ne
1141 1880 1246 1924 inde
1264 1882 1567 1924 abduceretur
1590 1881 1695 1925 Pel-

58 1956 257 2000 letarius.
282 1958 409 2000 Haec
444 1958 563 2001 bona
592 1964 799 2000 matrona
826 1972 918 2000 non
947 1958 1110 2010 solum,
1143 1972 1260 2013 quae
1289 1957 1462 2013 reliqua
1483 1957 1546 2000 illi
1567 1964 1697 2001 erant

58 2033 209 2077 omnia
231 2049 287 2077 ex
316 2034 562 2078 domestica
593 2034 812 2089 impensa,
839 2034 964 2077 dabit
986 2035 1168 2087 nostris,
1195 2035 1275 2078 sed
1297 2034 1432 2079 etiam
1455 2035 1696 2078 exercebat

62 2110 259 2166 negotia,
286 2111 451 2167 quibus
474 2119 626 2167 posset
649 2111 931 2165 lucrifacere,
955 2112 1030 2155 58
1053 2127 1170 2168 quae
1193 2113 1321 2155 daret
1342 2112 1523 2154 nostris.
1554 2113 1695 2154 Para—

63 2187 140 2229 bat
167 2187 302 2230 etiam
330 2188 494 2232 rectori
522 2187 674 2231 cibum
703 2188 839 2241 domi,
876 2189 998 2244 quod
1028 2196 1097 2232 est
1131 2188 1438 2233 interdictum.
1471 2187 1691 2239 Intellexi,

62 2261 150 2322 [de]
172 2263 416 2319 indjscreto
440 2265 619 2309 feruore
647 2266 840 2318 Iordani,
872 2280 1013 2321 quum
1041 2265 1241 2310 venisset
1268 2267 1361 2309 dux
1383 2266 1440 2308 ad
1478 2265 1694 2320 templum

64 2348 268 2384 nostrum
308 2342 339 2384 ³.
372 2343 480 2384 Erat
513 2342 815 2387 confessarius
852 2342 1067 2399 episcopi,
1094 2342 1171 2398 filij
1211 2343 1355 2395 ducis,
1388 2350 1433 2386 et
1464 2341 1696 2384 institutor

70 2405 349 2472 Pelletarius,
374 2425 461 2461 etc.
483 2419 694 2463 Redierat
710 2421 767 2462 ad
784 2420 918 2463 fidem
935 2420 1202 2463 catholicam
1220 2419 1433 2462 duchissa
1449 2418 1696 2463 ministerio

67 2495 306 2550 Pelletarij.
334 2495 454 2538 Hinc
486 2495 694 2540 venimus
712 2496 999 2551 Pelleltarius
1017 2504 1062 2540 et
1085 2511 1174 2553 ego
1199 2498 1469 2552 Argentam:
1495 2502 1593 2539 erat
1632 2495 1694 2538 ibi

63 2570 288 2614 infirmum
311 2572 602 2628 principium:
635 2580 732 2616 erat
764 2573 897 2616 unius
926 2571 974 2632 [?]
1006 2574 1167 2616 domus
1195 2573 1543 2628 consequendae
1571 2587 1691 2628 spes,

135 2792 145 2812 ¹
196 2791 259 2826 Nil
275 2791 314 2826 in
327 2791 399 2827 fol.
425 2792 468 2836 56
483 2805 514 2827 r.
535 2793 723 2839 scriptum
739 2799 815 2829 est.

133 2852 146 2871 ²
197 2851 284 2886 Fol.
308 2859 352 2896 57
378 2863 410 2887 r.
426 2863 593 2888 vacuum
611 2858 804 2889 remanet.

67 2965 102 3001 C
133 2909 147 2929 ³
196 2910 256 2951 De
274 2910 347 2945 hoc
366 2911 413 2946 P.
439 2912 589 2957 Joanne
605 2912 789 2959 Jordano,
806 2913 968 2960 ejusque
984 2912 1195 2949 indiscreto
1210 2912 1379 2959 fervore,
1395 2912 1450 2948 cf.
1472 2913 1694 2958 POLANCO,

103 2968 239 3009 hron„
258 2969 307 3014 V,
329 2968 412 3014 135.
