1958 3210
262 199 331 244 458
829 194 968 228 EPIST.
995 192 1039 226 P.
1068 191 1338 236 NADAL—334

264 315 312 343 se
334 299 363 341 li
386 297 599 339 mandara
620 296 663 338 la
685 301 823 351 gente
847 309 926 349 per
948 292 1264 345 Valentienna,
1291 293 1437 336 insino
1460 308 1485 335 a
1508 300 1633 336 tanto
1655 294 1738 336 che
1755 293 1894 348 pagh1
1956 345 1958 351 .

263 376 293 418 il
315 374 478 417 viatico
500 371 604 415 delli
627 371 744 424 altri,
769 378 814 413 et
837 371 879 412 lo
907 369 1058 411 mandi
1087 384 1165 425 per
1188 369 1218 411 li
1246 370 1370 423 noui,
1402 377 1446 412 et
1476 384 1567 412 non
1596 383 1735 425 penso
1764 384 1893 412 man-

1006 448 1015 466 ¹

262 454 366 495 cara
394 456 531 506 gente
560 463 638 504 per
667 447 970 491 Valentienna
1026 461 1035 499 3
1076 446 1175 488 anzi
1212 454 1363 502 presto
1400 446 1624 489 crediamo
1662 445 1707 487 di
1745 445 1892 500 quella

262 529 421 571 istessa
442 524 676 582 prouincia
699 524 739 567 ci
762 526 884 566 serra
907 530 1045 579 gente
1066 537 1146 579 per
1174 523 1254 565 dar
1282 522 1499 578 principio
1527 524 1583 565 ad
1612 538 1671 565 un
1700 521 1890 577 collegio

262 607 307 648 in
327 604 454 656 Lilla,
475 610 519 647 et
542 605 624 645 che
648 601 950 657 agiutaranno
969 601 1121 643 l'anno
1139 601 1223 644 che
1246 599 1378 642 uiene
1396 615 1473 655 per
1496 600 1644 654 quello
1662 600 1718 643 de
1739 601 1887 653 Duay:

262 691 307 727 et
330 684 384 725 V.
413 683 466 724 R.
494 679 649 735 sappia
671 681 757 737 che
778 678 823 720 in
847 678 995 732 quelle
1023 678 1170 719 bande
1198 677 1255 720 de
1285 676 1476 719 Fiandra
1504 691 1656 720 cresce
1686 676 1826 718 molto
1849 676 1892 718 la

261 758 506 802 deuotione
538 757 654 799 della
683 754 981 811 Compagnia,
1015 761 1060 797 et
1083 761 1273 797 entrano
1298 753 1465 796 diuersi
1492 752 1599 795 boni
1628 752 1814 808 sugetti‚
1846 752 1892 794 in

262 835 467 880 Louanio
491 834 683 876 maxime
707 840 751 876 et
773 833 819 874 in
843 831 1047 883 Colonia,
1073 839 1117 874 et
1140 833 1283 874 anche
1301 830 1345 873 in
1371 832 1567 885 Tornay,
1589 837 1633 889 et
1651 829 1729 885 piu
1747 837 1896 885 presto

262 913 293 955 li
309 926 469 954 manca
486 911 515 953 il
533 911 667 953 modo
685 911 740 953 de
759 907 1021 952 sustentarli
1039 910 1124 951 che
1142 909 1271 960 altro;
1293 908 1369 949 sed
1387 908 1542 949 anima
1555 907 1661 962 plus
1679 910 1742 948 est
1759 921 1894 961 quam

262 1005 374 1042 esca,
392 993 431 1031 et
447 994 609 1044 corpus
619 987 726 1042 plus
745 1001 881 1041 quam
900 986 1232 1027 uestzfmentzmz.
1261 987 1348 1028 Per
1370 984 1499 1026 finire
1521 991 1678 1038 questa
1711 982 1896 1027 materia

261 1068 319 1112 de
335 1065 517 1122 collegii
541 1064 664 1115 noui,
690 1065 746 1106 V.
774 1065 828 1105 R.
856 1064 1024 1106 hauera
1041 1061 1213 1104 intesso
1239 1062 1343 1116 quel
1371 1063 1455 1104 che
1482 1060 1644 1103 scrisse
1667 1060 1697 1101 il
1728 1062 1778 1102 P.
1805 1061 1895 1102 Ca-

263 1144 376 1186 nisio
405 1144 477 1185 del
505 1141 839 1196 herbipolense,
875 1154 1003 1182 come
1026 1139 1082 1181 ad
1110 1138 1219 1194 ogni
1250 1139 1382 1181 modo
1413 1138 1633 1181 uorrebbe
1656 1138 1722 1179 far
1749 1136 1779 1178 il
1801 1137 1894 1178 col-

261 1221 398 1277 legio,
424 1227 469 1263 et
491 1221 576 1262 che
600 1219 655 1261 V.
683 1219 735 1260 R.
764 1216 944 1259 andassi
967 1217 1029 1257 fin
1052 1216 1109 1268 la,
1135 1223 1180 1259 et
1203 1215 1321 1257 circa
1337 1216 1554 1266 l'andare,
1576 1229 1602 1257 o
1626 1229 1731 1266 non,
1758 1215 1812 1257 N.
1838 1215 1889 1256 Ρ.

262 1313 312 1342 se
334 1298 512 1341 rimette
535 1311 560 1338 a
583 1297 640 1338 V.
672 1296 742 1346 R„
769 1300 813 1338 et
843 1295 987 1336 anche
1017 1300 1185 1348 quanto
1214 1293 1255 1335 al
1284 1291 1560 1348 prometterli
1581 1293 1624 1333 la
1653 1298 1790 1347 gente
1817 1305 1896 1346 per

262 1377 306 1418 lo
329 1390 447 1418 anno
470 1375 554 1417 che
578 1372 710 1415 uiene
733 1372 765 1425 ἢ
787 1386 874 1423 ma,
900 1370 1026 1413 accio
1048 1369 1084 1412 si
1108 1385 1240 1426 possa
1262 1369 1428 1425 meglio
1451 1369 1667 1411 risoluere
1691 1370 1746 1411 V.
1774 1370 1847 1420 R.,
1867 1367 1899 1410 li

340 1528 347 1546 ¹
400 1523 500 1558 Vide
520 1522 640 1568 epist.
664 1521 747 1564 285,
768 1532 810 1554 n.
836 1529 870 1563 23
892 1524 931 1553 et
950 1517 1034 1564 312,
1055 1531 1097 1553 n.
1122 1518 1161 1553 8.

334 1588 347 1606 2'
400 1585 458 1618 De
479 1581 618 1617 litteris
637 1579 785 1616 Canisii
804 1579 826 1613 6
851 1578 1085 1613 Novembris
1105 1579 1152 1613 ad
1172 1578 1349 1614 Lainium
1368 1577 1468 1612 datis
1493 1578 1589 1612 haec
1614 1577 1804 1622 intellige,
1832 1577 1900 1613 ubi

263 1646 360 1680 haec
378 1644 479 1678 inter
497 1642 571 1676 alia
595 1640 852 1686 reperiuntur:
883 1638 995 1672 «Fuit
1022 1638 1123 1684 apud
1150 1650 1211 1673 me
1235 1637 1489 1672 cancellarius
1514 1637 1797 1683 herbipolensis
1822 1637 1900 1683 epi-

265 1704 385 1752 scopi,
412 1708 450 1737 et
482 1701 582 1736 serio
608 1701 704 1734 ursit
731 1711 887 1734 causam
913 1698 1084 1743 collegii,
1113 1697 1304 1744 simulque
1332 1697 1508 1743 promisit
1534 1697 1757 1743 episcopum
1786 1709 1899 1731 suum

267 1773 358 1798 1000
376 1762 528 1797 daleros
548 1766 589 1795 ut
609 1759 809 1794 minimum
829 1756 1197 1804 suppedita[tu]rum
1222 1757 1377 1792 nostris:
1399 1758 1471 1791 hoc
1490 1769 1609 1791 unum
1628 1768 1729 1791 nunc
1748 1756 1899 1791 deside-

263 1823 340 1858 rari
355 1821 461 1864 dicit,
484 1826 526 1855 ut
549 1819 853 1865 respondeamus
872 1829 919 1851 an
940 1817 1106 1851 uelimus
1124 1816 1397 1863 herbipolense
1416 1817 1622 1861 collegium
1642 1815 1846 1862 auspicari,
1867 1814 1900 1849 si

267 1895 312 1918 ea
326 1886 572 1929 praestentur
591 1881 639 1913 ab
658 1879 856 1924 episcopo,
878 1888 976 1923 quae
991 1876 1038 1911 ad
1052 1877 1261 1921 collegium
1277 1881 1455 1922 spectant
1469 1888 1516 1911 ex
1532 1887 1636 1910 more
1652 1875 1771 1910 nostri
1790 1874 1899 1910 insti-

265 1942 354 1978 tuti.
387 1941 485 1975 Nam
519 1939 674 1974 omnino
704 1937 949 1972 obfirmatum
981 1948 1068 1971 esse
1093 1937 1206 1971 huius
1237 1936 1423 1971 antistitis
1447 1936 1617 1971 animum
1649 1936 1687 1970 in
1715 1934 1899 1980 erigenda

266 2003 412 2046 schola,
432 2000 479 2034 ad
497 2011 613 2046 quam
632 1998 727 2033 alios
746 1997 841 2032 uelit
861 1996 1101 2042 professores
1121 2008 1335 2041 accersere,
1356 1997 1387 2031 si
1406 1996 1572 2031 nolimus
1590 2001 1741 2030 nostros
1761 2007 1807 2030 e0
1833 1995 1899 2030 de—

265 2062 428 2098 stinare.
453 2058 638 2094 Probauit
657 2057 812 2092 interim
837 2056 1107 2101 cancellarius,
1126 2068 1213 2091 cum
1232 2056 1402 2091 dicerem
1421 2057 1531 2091 nobis
1551 2056 1745 2090 insuetum
1766 2060 1804 2089 et
1824 2065 1901 2089 mo-

266 2124 407 2158 lestum
428 2131 515 2154 esse
535 2129 677 2165 paucos
696 2117 804 2162 dare,
824 2122 863 2151 et
878 2115 1117 2162 professores
1138 2121 1287 2150 tantum
1307 2116 1476 2160 mittere3
1493 2121 1552 2150 sat
1567 2127 1653 2150 esse
1668 2116 1842 2161 putabat,
1861 2114 1894 2149 si

265 2183 404 2217 saltem
423 2179 470 2214 ad
490 2183 678 2213 aestatem
699 2176 877 2211 mittendi
899 2187 1007 2221 spem
1027 2175 1260 2210 faceremus.
1287 2176 1541 2210 Adiunxihac
1559 2176 1606 2210 de
1621 2187 1661 2210 re
1678 2175 1771 2209 nihil
1787 2186 1900 2220 posse

265 2239 458 2283 concludi,
475 2238 549 2273 nisi
563 2236 835 2272 consentiente
852 2236 907 2270 R..
922 2236 954 2269 T
967 2262 993 2280 .‚
1011 2241 1049 2270 et
1064 2247 1166 2270 nunc
1182 2236 1335 2270 Patrem
1353 2235 1659 2270 commissarium
1675 2246 1750 2269 non
1766 2235 1897 2280 procul

266 2302 427 2343 abesse,
452 2298 518 2345 qui
545 2297 727 2331 maiorem
753 2307 868 2342 quam
894 2306 967 2340 ego
994 2294 1268 2330 authoritatem
1297 2295 1510 2330 obtineret:
1537 2307 1625 2330 cum
1649 2296 1720 2329 hoc
1744 2305 1897 2340 quoque

266 2372 380 2407 posse
399 2357 566 2394 conferri
597 2356 812 2401 negotium.
834 2354 1035 2389 Indicabat
1055 2354 1118 2389 ille
1143 2354 1358 2389 antistitem
1383 2354 1493 2389 breui
1517 2354 1692 2389 fortassis
1716 2358 1898 2388 euocatu-

266 2432 350 2455 rum
370 2419 417 2453 P.
441 2418 635 2460 Natalem,
656 2415 879 2462 priusquam
898 2426 918 2448 e
938 2413 1147 2449 Germania
1166 2414 1230 2448 ille
1249 2414 1441 2449 discedat.
1466 2414 1581 2460 Quod
1600 2413 1632 2448 si
1650 2414 1730 2459 fiet,
1747 2425 1823 2448 non
1842 2413 1896 2447 in-

265 2479 486 2513 consultum
513 2482 689 2523 putarem
709 2479 750 2509 ut
774 2475 845 2508 hac
871 2473 909 2508 in
934 2479 1042 2519 parte
1069 2474 1169 2507 bono
1192 2473 1497 2518 gratificaremur
1522 2473 1718 2519 episcopo,
1745 2478 1783 2507 et
1809 2483 1896 2506 con—

266 2538 512 2573 cluderemus
531 2535 689 2571 tandem
714 2533 859 2580 aliquid
878 2533 927 2576 (si
953 2532 1005 2567 ita
1029 2533 1247 2568 consentiat
1270 2533 1316 2567 R.
1343 2534 1414 2576 T.)
1439 2533 1486 2568 de
1511 2533 1675 2577 collegio
1693 2533 1830 2567 saltem
1850 2531 1897 2566 ad

267 2597 426 2632 aestatis
446 2596 676 2642 principium
696 2595 757 2629 uel
784 2593 953 2628 medium
973 2592 1200 2627 inchoando.
1224 2594 1311 2638 Qua
1329 2593 1377 2628 de
1396 2605 1436 2628 re
1456 2594 1602 2627 moneri
1620 2593 1733 2638 cupio
1752 2593 1797 2626 P.
1823 2592 1898 2626 Na-

269 2658 385 2692 talem
404 2662 445 2691 ut
464 2655 697 2701 explicatam
715 2655 857 2688 habeat
875 2652 1111 2688 sententiam
1130 2653 1175 2687 R.
1192 2652 1262 2696 T.,
1278 2653 1507 2687 affirmatiue
1522 2652 1686 2695 scilieet,
1702 2653 1763 2686 uel
1783 2662 1900 2696 nega-

267 2716 363 2761 tiue,
383 2728 431 2751 ne
450 2715 596 2750 diutius
616 2725 849 2760 suspensum
875 2718 1078 2747 teneamus
1098 2712 1271 2758 episcopi
1290 2712 1498 2746 animum.»

338 2777 381 2810 In
400 2775 650 2821 post-scripto
670 2773 844 2819 ejusdem
866 2773 1056 2818 epistolae
1071 2773 1167 2806 haec
1182 2771 1328 2806 addidit
1344 2771 1539 2817 Canisius,
1552 2773 1600 2806 ab
1616 2771 1752 2806 eodem
1771 2776 1901 2805 tamen

267 2835 509 2879 amanuensi,
528 2835 594 2880 qui
612 2839 766 2868 caetera
791 2832 970 2878 scripsit,
997 2837 1171 2866 exarata:
1201 2831 1353 2877 «Jussit
1378 2832 1420 2865 P.
1450 2831 1598 2866 Natalis
1624 2831 1786 2865 reserari
1811 2841 1899 2864 suas

266 2895 432 2939 litteraS,
451 2906 549 2940 quae
570 2893 663 2928 mihi
682 2893 892 2939 prudenter
911 2891 1006 2926 satis
1025 2896 1236 2937 conceptae
1252 2891 1447 2936 uidentur,
1462 2890 1537 2925 nisi
1555 2890 1657 2936 quod
1670 2889 1750 2924 falli
1769 2889 1898 2924 uidea-

266 2961 329 2989 tur
348 2960 412 2988 aut
431 2956 596 2988 obscure
622 2953 740 2999 loqui,
767 2953 834 2987 ubi
859 2952 993 2987 scribit
1018 2951 1120 2986 circa
1144 2951 1339 2996 angariam
1365 2950 1592 2996 proximam,
1612 2950 1684 2984 hoc
1703 2954 1777 2994 est,
1795 2949 1897 2983 circa

265 3013 409 3047 festum
431 3014 479 3047 D.
502 3013 659 3058 Luciae,
678 3012 821 3047 nostris
846 3011 1089 3058 pendendam
1109 3022 1196 3045 esse
1215 3015 1390 3056 quartam
1409 3014 1557 3055 partem
1576 3008 1785 3054 redituum,
1809 3007 1834 3042 i.
1856 3019 1890 3042 e.
