1958 3210
246 191 259 217 1
268 191 288 217 2
809 180 852 214 P.
878 180 1065 215 NATALIS
1090 180 1307 214 EPHEMER.

241 291 464 335 exortum,
495 281 501 338 Ι
530 289 575 323 et
598 282 654 324 ad
676 296 755 323 ver
778 280 1044 324 iuberentur
1063 281 1220 323 adesse
1239 281 1411 323 Romae
1432 281 1608 331 Patres,
1635 278 1706 334 alij
1732 278 1876 322 redie-

242 367 348 402 runt
365 360 421 401 ad
443 373 525 401 sua
546 357 809 408 ministeria,
836 357 906 412 alij
933 358 989 399 ab
1011 356 1237 400 destinato
1252 355 1413 400 itinere
1428 356 1715 399 destiterunt.
1737 356 1874 399 Solus

242 435 417 479 Natalis
438 434 562 477 venit
584 436 774 477 Romam
797 433 998 477 terrestri
1024 434 1034 454 ¹
1061 432 1221 476 itinere
1248 447 1327 488 per
1355 432 1565 485 Galliam,
1592 446 1682 486 quo
1706 432 1869 484 fuerat,

241 513 328 556 iam
352 519 484 555 antea
507 526 643 566 quam
666 511 898 554 audiretur
915 511 970 553 de
986 510 1113 552 obitu
1133 509 1280 552 Patris
1299 509 1480 565 Ignatij,
1499 517 1735 552 venturus,
1758 510 1871 552 Per—

242 589 367 633 venit
390 591 576 631 Romam
602 590 653 630 P.
681 587 855 630 Natalis
878 599 902 629 2
933 586 1214 629 Decembris.
1251 585 1414 629 Literis
1443 585 1591 629 Patris
1618 585 1774 628 vicarii
1803 592 1873 629 est

242 666 549 723 significatum
578 664 811 718 Societati‚
837 673 885 706 vt
914 679 1071 708 omnes
1095 665 1255 707 Patres
1282 678 1466 725 operam
1493 664 1653 706 darent
1679 665 1872 706 Romam

239 751 289 786 vt
312 743 603 799 peruenirent
625 743 681 786 ad
705 743 729 784 8
751 742 848 785 dies
878 748 979 796 post
1002 742 1183 796 pascha,
1208 743 1295 784 hoc
1317 747 1402 792 est,
1435 741 1490 783 ad
1519 750 1567 794 15
1591 739 1711 783 diem
1740 738 1874 795 Apri-

242 819 296 862 lis
320 820 421 875 plus
443 819 607 862 minus.

335 940 414 982 4⁶2
987 943 1129 988 [15]5·7

331 1054 568 1096 Venerunt
591 1053 779 1094 Romam
801 1050 995 1107 primum
1018 1066 1043 1094 e
1065 1050 1213 1094 Gallia
1237 1052 1289 1094 P.
1321 1049 1593 1093 Paschasius
1616 1056 1662 1093 et
1685 1050 1735 1091 P.
1761 1047 1873 1105 Vjio—

242 1131 309 1173 las
336 1130 619 1174 hebdomada
646 1135 817 1171 sancta:
849 1128 952 1172 dein
983 1144 1007 1172 e
1038 1128 1283 1173 Germania
1312 1130 1363 1170 P.
1399 1127 1625 1178 Canisius,
1659 1128 1711 1169 P.
1744 1126 1873 1169 Gau—

243 1208 388 1250 danus
406 1221 458 1250 ac
477 1208 528 1249 P.
552 1205 764 1249 Lanoius:
792 1206 979 1249 Colonia
1005 1208 1056 1249 P.
1084 1206 1364 1250 Leonardus:
1391 1204 1597 1247 Louanio
1627 1205 1679 1246 P.
1707 1202 1874 1246 Adria—

243 1300 345 1328 nus.
374 1286 539 1327 Postea
576 1284 699 1326 venit
730 1286 781 1326 P.
819 1283 990 1327 Simon:
1028 1291 1255 1340 postremo
1292 1298 1348 1327 ex
1376 1281 1530 1326 Sicilia
1560 1283 1612 1324 P.
1645 1283 1874 1324 Domene-

244 1364 358 1405 chus
381 1376 432 1405 ac
458 1363 508 1404 P.
537 1360 775 1404 Vinchius.
812 1362 879 1403 Ex
908 1361 1129 1417 Hispania
1154 1361 1305 1403 nullus
1333 1359 1474 1411 venit,
1505 1360 1586 1402 sed
1608 1358 1828 1401 miserunt
1859 1357 1873 1377 ²

244 1440 483 1495 quemdam
506 1439 690 1482 fratrem
713 1452 817 1480 cum
840 1438 1017 1491 litteris,
1044 1438 1209 1493 quibus
1231 1437 1385 1480 multis
1412 1435 1663 1479 rationibus
1686 1449 1877 1479 excusa-

244 1523 349 1559 runt
371 1516 492 1571 quod
516 1516 572 1558 ad
589 1514 915 1571 praescriptum
938 1513 1146 1573 [tempus]
1174 1530 1265 1557 non
1294 1521 1478 1570 possent
1511 1514 1684 1564 adesse,
1710 1512 1877 1554 multas

242 1601 474 1650 praeterea
502 1607 662 1635 causas
690 1600 1011 1648 proponenteS,
1048 1593 1214 1647 quibus
1244 1592 1330 1634 sibi
1357 1591 1597 1635 videbatur
1625 1604 1726 1634 esse
1754 1590 1768 1610 ³
1793 1603 1876 1644 po-

242 1671 332 1714 tius
366 1671 625 1727 generalem
653 1669 658 1728 Ι
687 1669 1091 1726 congregationem
1130 1670 1175 1712 in
1218 1668 1484 1725 Hispaniam
1512 1667 1871 1710 conuocandam.

244 1750 372 1791 Haec
394 1748 586 1804 primum
614 1747 756 1791 literis
784 1762 889 1790 cum
920 1747 1251 1803 accepissemus
1280 1747 1398 1803 (nam
1427 1746 1612 1788 morbus
1638 1744 1874 1800 paululum

240 1827 432 1870 Genuae
450 1825 633 1867 fratrem
657 1824 865 1879 detinuit)
883 1824 1176 1880 congregatis
1193 1823 1423 1880 professis,
1446 1822 1709 1865 absentibus
1726 1822 1875 1863 adhuc

242 1904 293 1945 P.
337 1902 547 1954 Simone,
580 1904 872 1945 Domenecho
902 1916 954 1944 ac
984 1901 1180 1945 Vinchio
1209 1901 1242 1955 ⁴,
1274 1906 1553 1945 censuerunt
1587 1898 1749 1954 reliqui
1783 1912 1874 1940 non

239 1993 340 2024 esse
362 1979 408 2021 in
438 1979 705 2035 Hispaniam
733 1980 950 2021 eundum.
980 1981 1032 2021 P.
1066 1980 1308 2032 Polaneus,
1334 1976 1543 2021 adductis
1565 1976 1612 2019 in
1639 1984 1877 2030 Vtramque

238 2063 412 2113 partem
436 2055 702 2110 rationibus,
729 2056 928 2098 incertae
951 2055 1205 2100 sententiae
1228 2055 1328 2098 fuit.
1357 2057 1408 2098 P.
1437 2056 1616 2110 Laynes
1638 2055 1695 2097 de
1712 2068 1761 2096 re
1784 2053 1878 2095 fere

239 2133 351 2176 nihil
373 2133 501 2175 dixit:
530 2140 706 2176 tantum
729 2148 778 2177 se
807 2132 919 2175 dixit
942 2140 1147 2188 paratum
1175 2140 1225 2174 vt
1255 2122 1302 2175 in
1324 2131 1592 2188 Hispaniam
1614 2131 1714 2173 iret.
1741 2130 1878 2175 Solus

239 2209 415 2254 Natalis
453 2211 747 2254 vehementer
776 2209 1012 2252 contendit
1040 2209 1085 2251 in
1116 2209 1385 2265 Hispaniam
1415 2209 1632 2260 eundum,
1666 2205 1876 2249 adductis

240 2288 394 2331 multis
419 2287 568 2330 causis
594 2289 624 2330 ⁵.

330 2365 411 2407 43
434 2366 631 2408 Rursum
655 2365 814 2408 eodem
836 2364 908 2408 die
931 2365 987 2408 de
1009 2366 1167 2409 eadem
1196 2380 1245 2408 re
1266 2371 1419 2408 actum
1442 2370 1526 2416 est,
1553 2377 1605 2406 ac
1627 2376 1807 2405 rursum
1829 2361 1876 2403 in

240 2443 398 2486 eadem
422 2442 605 2485 fuerunt
628 2441 853 2485 sententia
881 2441 1041 2497 reliqui
1066 2444 1238 2485 Patres.
1264 2442 1491 2484 Polancus
1518 2439 1724 2483 nonnihil
1750 2439 1878 2482 visus

240 2526 309 2563 est
336 2518 383 2561 in
413 2519 586 2562 Natalis
613 2519 884 2563 sententiam
914 2518 1146 2563 inclinare.
1175 2518 1487 2562 Constitutum
1516 2518 1658 2574 igitur
1689 2524 1759 2562 est
1785 2532 1877 2560 non

316 2687 325 2706 ¹
377 2685 467 2731 Ms.,
488 2686 664 2721 terresti.

310 2746 324 2765 ‘²
374 2744 498 2779 Recte
518 2745 623 2791 prius
643 2744 799 2791 scripsit
818 2745 941 2780 Nadal
960 2746 1032 2780 hoc
1057 2746 1239 2781 verbum.
1270 2746 1412 2781 Postea
1432 2747 1663 2782 cancellavit
1684 2747 1876 2793 syllabam

239 2806 352 2845 runt,
373 2803 444 2838 sed
462 2804 594 2840 statim
613 2803 738 2849 digito
757 2803 900 2839 lineam
919 2804 1086 2840 delevit.

311 2864 325 2883 ³
376 2863 461 2898 Hoc
481 2865 645 2899 verbum
660 2875 863 2909 perperam
882 2864 1074 2911 repetitur
1092 2864 1208 2900 infra.

312 2923 327 2943 ‘²
377 2923 468 2970 Ms.,
497 2924 657 2958 Vnclzio.

311 2983 325 3003 ⁵
375 2983 434 3018 De
453 2982 513 3018 his
531 2982 791 3028 SACCHINUS‚
812 2983 918 3019 Hist.
942 2984 1043 3027 Soc.‚
1063 2990 1164 3031 part.
1189 2986 1239 3028 ΙΙ,
1260 2984 1330 3021 lib.
1355 2996 1382 3031 1,
1404 2999 1445 3022 n.
1471 2986 1531 3031 67.
