<?xml version="1.0" encoding="UTF-8"?>
<!DOCTYPE html PUBLIC "-//W3C//DTD XHTML 1.0 Transitional//EN"
    "http://www.w3.org/TR/xhtml1/DTD/xhtml1-transitional.dtd">
<html xmlns="http://www.w3.org/1999/xhtml" xml:lang="en" lang="en">
 <head>
  <title>
</title>
<meta http-equiv="Content-Type" content="text/html;charset=utf-8" />
  <meta name='ocr-system' content='tesseract 3.04.00' />
  <meta name='ocr-capabilities' content='ocr_page ocr_carea ocr_par ocr_line ocrx_word'/>
</head>
<body>
  <div class='ocr_page' id='page_1' title='image "./epistolaephieron09nada_0050.png"; bbox 0 0 1958 3210; ppageno 0'>
   <div class='ocr_carea' id='block_1_1' title="bbox 223 167 1293 210">
    <p class='ocr_par' dir='ltr' id='par_1_1' title="bbox 223 167 1293 210">
     <span class='ocr_line' id='line_1_1' title="bbox 223 167 1293 210; baseline 0.004 -10"><span class='ocrx_word' id='word_1_1' title='bbox 223 174 268 210; x_wconf 77' lang='lat'>24</span> <span class='ocrx_word' id='word_1_2' title='bbox 786 167 829 201; x_wconf 91' lang='lat' dir='ltr'>P.</span> <span class='ocrx_word' id='word_1_3' title='bbox 858 167 1046 203; x_wconf 77' lang='lat' dir='ltr'><strong>NATALIS</strong></span> <span class='ocrx_word' id='word_1_4' title='bbox 1073 168 1293 204; x_wconf 77' lang='lat' dir='ltr'><strong>EPHEMER.</strong></span> 
     </span>
    </p>
   </div>
   <div class='ocr_carea' id='block_1_2' title="bbox 217 266 1867 1172">
    <p class='ocr_par' dir='ltr' id='par_1_2' title="bbox 217 266 1867 1172">
     <span class='ocr_line' id='line_1_2' title="bbox 218 266 1853 323; baseline 0.001 -14"><span class='ocrx_word' id='word_1_5' title='bbox 218 267 336 310; x_wconf 89' lang='lat' dir='ltr'>inter</span> <span class='ocrx_word' id='word_1_6' title='bbox 353 281 463 310; x_wconf 92' lang='lat' dir='ltr'>suos</span> <span class='ocrx_word' id='word_1_7' title='bbox 485 266 624 309; x_wconf 79' lang='lat' dir='ltr'>edidit</span> <span class='ocrx_word' id='word_1_8' title='bbox 645 266 811 310; x_wconf 90' lang='lat' dir='ltr'>librum</span> <span class='ocrx_word' id='word_1_9' title='bbox 833 274 990 311; x_wconf 87' lang='lat' dir='ltr'>contra</span> <span class='ocrx_word' id='word_1_10' title='bbox 1007 269 1221 313; x_wconf 89' lang='lat' dir='ltr'>exercitia</span> <span class='ocrx_word' id='word_1_11' title='bbox 1248 271 1276 312; x_wconf 83' lang='lat'>¹.</span> <span class='ocrx_word' id='word_1_12' title='bbox 1303 268 1421 313; x_wconf 91' lang='lat' dir='ltr'>Veni</span> <span class='ocrx_word' id='word_1_13' title='bbox 1443 269 1500 311; x_wconf 86' lang='lat' dir='ltr'>ad</span> <span class='ocrx_word' id='word_1_14' title='bbox 1523 270 1580 311; x_wconf 93' lang='lat' dir='ltr'>D.</span> <span class='ocrx_word' id='word_1_15' title='bbox 1608 266 1810 323; x_wconf 87' lang='lat' dir='ltr'>Diegum</span> <span class='ocrx_word' id='word_1_16' title='bbox 1827 283 1853 311; x_wconf 88' lang='lat' dir='ltr'>a</span> 
     </span>
     <span class='ocr_line' id='line_1_3' title="bbox 217 343 1855 401; baseline -0.001 -14"><span class='ocrx_word' id='word_1_17' title='bbox 217 344 451 395; x_wconf 87' lang='lat' dir='ltr'>Corduba,</span> <span class='ocrx_word' id='word_1_18' title='bbox 472 343 548 398; x_wconf 89' lang='lat' dir='ltr'>qui</span> <span class='ocrx_word' id='word_1_19' title='bbox 567 344 713 387; x_wconf 88' lang='lat' dir='ltr'>fuerat</span> <span class='ocrx_word' id='word_1_20' title='bbox 730 344 775 386; x_wconf 93' lang='lat' dir='ltr'>in</span> <span class='ocrx_word' id='word_1_21' title='bbox 794 343 946 388; x_wconf 81' lang='lat' dir='ltr'>Sicilia</span> <span class='ocrx_word' id='word_1_22' title='bbox 964 345 1196 400; x_wconf 80' lang='lat' dir='ltr'>syndicus,</span> <span class='ocrx_word' id='word_1_23' title='bbox 1217 353 1263 389; x_wconf 84' lang='lat' dir='ltr'>et</span> <span class='ocrx_word' id='word_1_24' title='bbox 1286 352 1383 390; x_wconf 89' lang='lat' dir='ltr'>erat</span> <span class='ocrx_word' id='word_1_25' title='bbox 1405 352 1642 401; x_wconf 89' lang='lat' dir='ltr'>cooptatus</span> <span class='ocrx_word' id='word_1_26' title='bbox 1660 344 1706 386; x_wconf 92' lang='lat' dir='ltr'>in</span> <span class='ocrx_word' id='word_1_27' title='bbox 1729 358 1855 387; x_wconf 90' lang='lat' dir='ltr'>sum-</span> 
     </span>
     <span class='ocr_line' id='line_1_4' title="bbox 220 419 1854 478; baseline 0.001 -15"><span class='ocrx_word' id='word_1_28' title='bbox 220 435 346 463; x_wconf 92' lang='lat' dir='ltr'>mum</span> <span class='ocrx_word' id='word_1_29' title='bbox 367 419 609 463; x_wconf 91' lang='lat' dir='ltr'>concilium</span> <span class='ocrx_word' id='word_1_30' title='bbox 631 420 959 476; x_wconf 83' lang='lat' dir='ltr'>inquisitionis:</span> <span class='ocrx_word' id='word_1_31' title='bbox 987 421 1024 464; x_wconf 92' lang='lat' dir='ltr'>is</span> <span class='ocrx_word' id='word_1_32' title='bbox 1047 429 1116 465; x_wconf 88' lang='lat' dir='ltr'>est</span> <span class='ocrx_word' id='word_1_33' title='bbox 1133 423 1364 478; x_wconf 90' lang='lat' dir='ltr'>professus</span> <span class='ocrx_word' id='word_1_34' title='bbox 1388 436 1487 466; x_wconf 91' lang='lat' dir='ltr'>esse</span> <span class='ocrx_word' id='word_1_35' title='bbox 1505 421 1687 477; x_wconf 92' lang='lat' dir='ltr'>quidem</span> <span class='ocrx_word' id='word_1_36' title='bbox 1705 422 1854 466; x_wconf 88' lang='lat' dir='ltr'>delata</span> 
     </span>
     <span class='ocr_line' id='line_1_5' title="bbox 220 496 1849 554; baseline 0 -14"><span class='ocrx_word' id='word_1_37' title='bbox 220 496 451 548; x_wconf 88' lang='lat' dir='ltr'>exercitia,</span> <span class='ocrx_word' id='word_1_38' title='bbox 478 496 612 539; x_wconf 89' lang='lat' dir='ltr'>simul</span> <span class='ocrx_word' id='word_1_39' title='bbox 634 496 776 540; x_wconf 90' lang='lat' dir='ltr'>videri</span> <span class='ocrx_word' id='word_1_40' title='bbox 799 498 855 540; x_wconf 90' lang='lat' dir='ltr'>ab</span> <span class='ocrx_word' id='word_1_41' title='bbox 878 497 1049 540; x_wconf 89' lang='lat' dir='ltr'>inuidia</span> <span class='ocrx_word' id='word_1_42' title='bbox 1066 499 1313 554; x_wconf 89' lang='lat' dir='ltr'>profectam</span> <span class='ocrx_word' id='word_1_43' title='bbox 1330 499 1404 541; x_wconf 76' lang='lat'>19</span> <span class='ocrx_word' id='word_1_44' title='bbox 1420 498 1541 541; x_wconf 87' lang='lat' dir='ltr'>illam</span> <span class='ocrx_word' id='word_1_45' title='bbox 1559 498 1849 542; x_wconf 79' lang='lat' dir='ltr'>delationem.</span> 
     </span>
     <span class='ocr_line' id='line_1_6' title="bbox 223 573 1854 630; baseline -0.001 -13"><span class='ocrx_word' id='word_1_46' title='bbox 223 573 427 630; x_wconf 87' lang='lat' dir='ltr'>Rogauit</span> <span class='ocrx_word' id='word_1_47' title='bbox 449 580 498 615; x_wconf 91' lang='lat' dir='ltr'>vt</span> <span class='ocrx_word' id='word_1_48' title='bbox 521 575 817 617; x_wconf 73' lang='lat' dir='ltr'>concederem</span> <span class='ocrx_word' id='word_1_49' title='bbox 839 573 899 630; x_wconf 90' lang='lat' dir='ltr'>illj</span> <span class='ocrx_word' id='word_1_50' title='bbox 925 574 1121 618; x_wconf 90' lang='lat' dir='ltr'>videnda</span> <span class='ocrx_word' id='word_1_51' title='bbox 1142 574 1376 618; x_wconf 90' lang='lat' dir='ltr'>exercitia:</span> <span class='ocrx_word' id='word_1_52' title='bbox 1403 590 1495 618; x_wconf 92' lang='lat' dir='ltr'>non</span> <span class='ocrx_word' id='word_1_53' title='bbox 1522 574 1741 626; x_wconf 89' lang='lat' dir='ltr'>concessi,</span> <span class='ocrx_word' id='word_1_54' title='bbox 1773 574 1854 618; x_wconf 91' lang='lat' dir='ltr'>sed</span> 
     </span>
     <span class='ocr_line' id='line_1_7' title="bbox 223 650 1856 708; baseline 0.001 -16"><span class='ocrx_word' id='word_1_55' title='bbox 223 652 355 707; x_wconf 92' lang='lat' dir='ltr'>plane</span> <span class='ocrx_word' id='word_1_56' title='bbox 377 650 486 703; x_wconf 84' lang='lat' dir='ltr'>dixi,</span> <span class='ocrx_word' id='word_1_57' title='bbox 513 650 551 693; x_wconf 89' lang='lat' dir='ltr'>si</span> <span class='ocrx_word' id='word_1_58' title='bbox 572 651 741 694; x_wconf 87' lang='lat' dir='ltr'>vellent</span> <span class='ocrx_word' id='word_1_59' title='bbox 763 658 922 694; x_wconf 87' lang='lat' dir='ltr'>contra</span> <span class='ocrx_word' id='word_1_60' title='bbox 944 651 1019 695; x_wconf 88' lang='lat' dir='ltr'>illa</span> <span class='ocrx_word' id='word_1_61' title='bbox 1041 666 1194 708; x_wconf 84' lang='lat' dir='ltr'>agere,</span> <span class='ocrx_word' id='word_1_62' title='bbox 1216 666 1299 695; x_wconf 91' lang='lat' dir='ltr'>nos</span> <span class='ocrx_word' id='word_1_63' title='bbox 1322 666 1422 696; x_wconf 92' lang='lat' dir='ltr'>esse</span> <span class='ocrx_word' id='word_1_64' title='bbox 1444 652 1518 694; x_wconf 91' lang='lat' dir='ltr'>illa</span> <span class='ocrx_word' id='word_1_65' title='bbox 1540 657 1856 707; x_wconf 87' lang='lat' dir='ltr'>propugnatu-</span> 
     </span>
     <span class='ocr_line' id='line_1_8' title="bbox 223 728 1855 785; baseline 0 -14"><span class='ocrx_word' id='word_1_66' title='bbox 223 742 313 780; x_wconf 89' lang='lat' dir='ltr'>ros,</span> <span class='ocrx_word' id='word_1_67' title='bbox 339 742 434 770; x_wconf 90' lang='lat' dir='ltr'>non</span> <span class='ocrx_word' id='word_1_68' title='bbox 456 735 505 770; x_wconf 87' lang='lat' dir='ltr'>vt</span> <span class='ocrx_word' id='word_1_69' title='bbox 527 735 696 780; x_wconf 90' lang='lat' dir='ltr'>nostra,</span> <span class='ocrx_word' id='word_1_70' title='bbox 723 729 804 772; x_wconf 92' lang='lat' dir='ltr'>sed</span> <span class='ocrx_word' id='word_1_71' title='bbox 825 735 874 770; x_wconf 91' lang='lat' dir='ltr'>vt</span> <span class='ocrx_word' id='word_1_72' title='bbox 896 743 922 771; x_wconf 89' lang='lat' dir='ltr'>a</span> <span class='ocrx_word' id='word_1_73' title='bbox 944 729 1051 771; x_wconf 89' lang='lat' dir='ltr'>sede</span> <span class='ocrx_word' id='word_1_74' title='bbox 1074 728 1320 785; x_wconf 87' lang='lat' dir='ltr'>apostolica</span> <span class='ocrx_word' id='word_1_75' title='bbox 1336 728 1559 785; x_wconf 85' lang='lat' dir='ltr'>legittime</span> <span class='ocrx_word' id='word_1_76' title='bbox 1575 729 1855 781; x_wconf 86' lang='lat' dir='ltr'>confirmata,</span> 
     </span>
     <span class='ocr_line' id='line_1_9' title="bbox 222 804 1858 862; baseline 0.001 -15"><span class='ocrx_word' id='word_1_77' title='bbox 222 805 346 860; x_wconf 92' lang='lat' dir='ltr'>quod</span> <span class='ocrx_word' id='word_1_78' title='bbox 382 804 467 861; x_wconf 91' lang='lat' dir='ltr'>ipsi</span> <span class='ocrx_word' id='word_1_79' title='bbox 505 805 687 849; x_wconf 87' lang='lat' dir='ltr'>scirent:</span> <span class='ocrx_word' id='word_1_80' title='bbox 729 820 821 848; x_wconf 91' lang='lat' dir='ltr'>non</span> <span class='ocrx_word' id='word_1_81' title='bbox 858 812 928 850; x_wconf 89' lang='lat' dir='ltr'>est</span> <span class='ocrx_word' id='word_1_82' title='bbox 961 821 1032 850; x_wconf 91' lang='lat' dir='ltr'>res</span> <span class='ocrx_word' id='word_1_83' title='bbox 1061 805 1250 850; x_wconf 87' lang='lat' dir='ltr'>vlterius</span> <span class='ocrx_word' id='word_1_84' title='bbox 1281 820 1523 862; x_wconf 84' lang='lat' dir='ltr'>progressa</span> <span class='ocrx_word' id='word_1_85' title='bbox 1559 807 1592 857; x_wconf 73' lang='lat'>⁶²,</span> <span class='ocrx_word' id='word_1_86' title='bbox 1631 812 1676 848; x_wconf 91' lang='lat' dir='ltr'>et</span> <span class='ocrx_word' id='word_1_87' title='bbox 1708 811 1858 848; x_wconf 90' lang='lat' dir='ltr'>tamen</span> 
     </span>
     <span class='ocr_line' id='line_1_10' title="bbox 221 882 1854 938; baseline 0 -14"><span class='ocrx_word' id='word_1_88' title='bbox 221 884 517 927; x_wconf 85' lang='lat' dir='ltr'>vehementer</span> <span class='ocrx_word' id='word_1_89' title='bbox 538 883 595 926; x_wconf 93' lang='lat' dir='ltr'>de</span> <span class='ocrx_word' id='word_1_90' title='bbox 617 885 702 925; x_wconf 89' lang='lat' dir='ltr'>hac</span> <span class='ocrx_word' id='word_1_91' title='bbox 731 882 961 927; x_wconf 80' lang='lat' dir='ltr'>delatione</span> <span class='ocrx_word' id='word_1_92' title='bbox 990 883 1307 928; x_wconf 85' lang='lat' dir='ltr'>exercitiorum</span> <span class='ocrx_word' id='word_1_93' title='bbox 1331 882 1473 926; x_wconf 84' lang='lat' dir='ltr'>nostri</span> <span class='ocrx_word' id='word_1_94' title='bbox 1503 882 1854 938; x_wconf 88' lang='lat' dir='ltr'>trepidauerant.</span> 
     </span>
     <span class='ocr_line' id='line_1_11' title="bbox 312 959 1867 1016; baseline 0 -14"><span class='ocrx_word' id='word_1_95' title='bbox 312 959 475 1015; x_wconf 90' lang='lat' dir='ltr'>Coepit</span> <span class='ocrx_word' id='word_1_96' title='bbox 497 975 635 1016; x_wconf 87' lang='lat' dir='ltr'>agere</span> <span class='ocrx_word' id='word_1_97' title='bbox 660 962 709 1003; x_wconf 90' lang='grc' dir='ltr'>Ρ.</span> <span class='ocrx_word' id='word_1_98' title='bbox 733 961 768 1003; x_wconf 91' lang='lat' dir='ltr'>F</span> <span class='ocrx_word' id='word_1_99' title='bbox 771 960 1004 1004; x_wconf 87' lang='lat' dir='ltr'>ranciscus</span> <span class='ocrx_word' id='word_1_100' title='bbox 1026 975 1131 1004; x_wconf 92' lang='lat' dir='ltr'>cum</span> <span class='ocrx_word' id='word_1_101' title='bbox 1153 962 1521 1005; x_wconf 77' lang='lat' dir='ltr'>commendatore</span> <span class='ocrx_word' id='word_1_102' title='bbox 1544 961 1782 1003; x_wconf 91' lang='lat' dir='ltr'>Moschera</span> <span class='ocrx_word' id='word_1_103' title='bbox 1803 959 1867 1002; x_wconf 84' lang='lat' dir='ltr'>de·</span> 
     </span>
     <span class='ocr_line' id='line_1_12' title="bbox 220 1034 1834 1093; baseline 0.001 -15"><span class='ocrx_word' id='word_1_104' title='bbox 220 1037 357 1079; x_wconf 93' lang='lat' dir='ltr'>domo</span> <span class='ocrx_word' id='word_1_105' title='bbox 375 1036 664 1089; x_wconf 90' lang='lat' dir='ltr'>simanciana,</span> <span class='ocrx_word' id='word_1_106' title='bbox 680 1052 797 1093; x_wconf 85' lang='lat' dir='ltr'>quae</span> <span class='ocrx_word' id='word_1_107' title='bbox 810 1045 907 1081; x_wconf 90' lang='lat' dir='ltr'>erat</span> <span class='ocrx_word' id='word_1_108' title='bbox 921 1039 978 1081; x_wconf 88' lang='lat' dir='ltr'>ad</span> <span class='ocrx_word' id='word_1_109' title='bbox 993 1053 1150 1083; x_wconf 91' lang='lat' dir='ltr'>omnes</span> <span class='ocrx_word' id='word_1_110' title='bbox 1167 1037 1510 1081; x_wconf 87' lang='lat' dir='ltr'>commoditates</span> <span class='ocrx_word' id='word_1_111' title='bbox 1527 1043 1795 1093; x_wconf 89' lang='lat' dir='ltr'>opportuna.</span> <span class='ocrx_word' id='word_1_112' title='bbox 1827 1034 1834 1093; x_wconf 90' lang='grc' dir='ltr'>Ι</span> 
     </span>
     <span class='ocr_line' id='line_1_13' title="bbox 224 1113 1857 1172; baseline 0.001 -16"><span class='ocrx_word' id='word_1_113' title='bbox 224 1114 394 1156; x_wconf 85' lang='lat' dir='ltr'>Actum</span> <span class='ocrx_word' id='word_1_114' title='bbox 417 1120 486 1157; x_wconf 91' lang='lat' dir='ltr'>est</span> <span class='ocrx_word' id='word_1_115' title='bbox 508 1114 565 1156; x_wconf 91' lang='lat' dir='ltr'>de</span> <span class='ocrx_word' id='word_1_116' title='bbox 588 1114 780 1171; x_wconf 87' lang='lat' dir='ltr'>collegio</span> <span class='ocrx_word' id='word_1_117' title='bbox 804 1115 972 1159; x_wconf 88' lang='lat' dir='ltr'>Montis</span> <span class='ocrx_word' id='word_1_118' title='bbox 991 1115 1137 1172; x_wconf 86' lang='lat' dir='ltr'>Regij,</span> <span class='ocrx_word' id='word_1_119' title='bbox 1157 1116 1276 1159; x_wconf 89' lang='lat' dir='ltr'>vnde</span> <span class='ocrx_word' id='word_1_120' title='bbox 1293 1122 1452 1171; x_wconf 88' lang='lat' dir='ltr'>postea</span> <span class='ocrx_word' id='word_1_121' title='bbox 1470 1114 1555 1157; x_wconf 90' lang='lat' dir='ltr'>fuit</span> <span class='ocrx_word' id='word_1_122' title='bbox 1576 1113 1857 1158; x_wconf 87' lang='lat' dir='ltr'>inchoatum.</span> 
     </span>
    </p>
   </div>
   <div class='ocr_carea' id='block_1_3' title="bbox 317 1233 1199 1279">
    <p class='ocr_par' dir='ltr' id='par_1_3' title="bbox 317 1233 1199 1279">
     <span class='ocr_line' id='line_1_14' title="bbox 317 1233 1199 1279; baseline 0.005 -4"><span class='ocrx_word' id='word_1_123' title='bbox 317 1233 403 1276; x_wconf 67' lang='lat'>20</span> <span class='ocrx_word' id='word_1_124' title='bbox 887 1236 1199 1279; x_wconf 79' lang='lat' dir='ltr'><strong>PLACENTIAE</strong></span> 
     </span>
    </p>
   </div>
   <div class='ocr_carea' id='block_1_4' title="bbox 224 1344 1862 1713">
    <p class='ocr_par' dir='ltr' id='par_1_4' title="bbox 224 1344 1862 1713">
     <span class='ocr_line' id='line_1_15' title="bbox 318 1344 1862 1404; baseline 0.001 -16"><span class='ocrx_word' id='word_1_125' title='bbox 318 1344 507 1402; x_wconf 88' lang='lat' dir='ltr'>Egimus</span> <span class='ocrx_word' id='word_1_126' title='bbox 530 1347 771 1390; x_wconf 88' lang='lat' dir='ltr'>Villanoua</span> <span class='ocrx_word' id='word_1_127' title='bbox 798 1354 843 1391; x_wconf 90' lang='lat' dir='ltr'>et</span> <span class='ocrx_word' id='word_1_128' title='bbox 865 1362 953 1404; x_wconf 89' lang='lat' dir='ltr'>ego</span> <span class='ocrx_word' id='word_1_129' title='bbox 976 1361 1078 1390; x_wconf 91' lang='lat' dir='ltr'>cum</span> <span class='ocrx_word' id='word_1_130' title='bbox 1102 1347 1313 1404; x_wconf 90' lang='lat' dir='ltr'>episcopo</span> <span class='ocrx_word' id='word_1_131' title='bbox 1340 1348 1397 1392; x_wconf 93' lang='lat' dir='ltr'>de</span> <span class='ocrx_word' id='word_1_132' title='bbox 1426 1346 1692 1390; x_wconf 85' lang='lat' dir='ltr'>fundatione</span> <span class='ocrx_word' id='word_1_133' title='bbox 1719 1346 1862 1390; x_wconf 91' lang='lat' dir='ltr'>colle-</span> 
     </span>
     <span class='ocr_line' id='line_1_16' title="bbox 224 1423 1856 1480; baseline 0.001 -16"><span class='ocrx_word' id='word_1_134' title='bbox 224 1423 308 1479; x_wconf 84' lang='lat' dir='ltr'>gij,</span> <span class='ocrx_word' id='word_1_135' title='bbox 335 1430 380 1467; x_wconf 92' lang='lat' dir='ltr'>et</span> <span class='ocrx_word' id='word_1_136' title='bbox 403 1423 722 1480; x_wconf 83' lang='lat' dir='ltr'>transegimus:</span> <span class='ocrx_word' id='word_1_137' title='bbox 745 1424 961 1467; x_wconf 88' lang='lat' dir='ltr'>remansit</span> <span class='ocrx_word' id='word_1_138' title='bbox 977 1424 1067 1467; x_wconf 91' lang='lat' dir='ltr'>illic</span> <span class='ocrx_word' id='word_1_139' title='bbox 1086 1424 1341 1477; x_wconf 88' lang='lat' dir='ltr'>Villanoua,</span> <span class='ocrx_word' id='word_1_140' title='bbox 1363 1431 1414 1466; x_wconf 91' lang='lat' dir='ltr'>ut</span> <span class='ocrx_word' id='word_1_141' title='bbox 1436 1439 1530 1468; x_wconf 88' lang='lat' dir='ltr'>rem</span> <span class='ocrx_word' id='word_1_142' title='bbox 1550 1429 1856 1479; x_wconf 87' lang='lat' dir='ltr'>promoueret.</span> 
     </span>
     <span class='ocr_line' id='line_1_17' title="bbox 226 1500 1860 1558; baseline 0 -16"><span class='ocrx_word' id='word_1_143' title='bbox 226 1501 470 1545; x_wconf 87' lang='lat' dir='ltr'>Inchoatae</span> <span class='ocrx_word' id='word_1_144' title='bbox 492 1508 600 1543; x_wconf 89' lang='lat' dir='ltr'>sunt</span> <span class='ocrx_word' id='word_1_145' title='bbox 621 1501 854 1545; x_wconf 87' lang='lat' dir='ltr'>lectiones.</span> <span class='ocrx_word' id='word_1_146' title='bbox 881 1503 945 1545; x_wconf 85' lang='lat' dir='ltr'>At</span> <span class='ocrx_word' id='word_1_147' title='bbox 968 1503 1149 1557; x_wconf 85' lang='lat' dir='ltr'>quando</span> <span class='ocrx_word' id='word_1_148' title='bbox 1174 1516 1261 1558; x_wconf 84' lang='lat' dir='ltr'>ego</span> <span class='ocrx_word' id='word_1_149' title='bbox 1279 1500 1470 1553; x_wconf 88' lang='lat' dir='ltr'>decessi,</span> <span class='ocrx_word' id='word_1_150' title='bbox 1492 1500 1656 1544; x_wconf 89' lang='lat' dir='ltr'>missus</span> <span class='ocrx_word' id='word_1_151' title='bbox 1673 1506 1743 1544; x_wconf 87' lang='lat' dir='ltr'>est</span> <span class='ocrx_word' id='word_1_152' title='bbox 1759 1514 1860 1542; x_wconf 80' lang='lat' dir='ltr'>rur-</span> 
     </span>
     <span class='ocr_line' id='line_1_18' title="bbox 228 1574 1861 1636; baseline -0.001 -15"><span class='ocrx_word' id='word_1_153' title='bbox 228 1593 329 1621; x_wconf 91' lang='lat' dir='ltr'>sum</span> <span class='ocrx_word' id='word_1_154' title='bbox 367 1593 421 1622; x_wconf 93' lang='lat' dir='ltr'>eo</span> <span class='ocrx_word' id='word_1_155' title='bbox 456 1581 507 1621; x_wconf 89' lang='lat' dir='ltr'>P.</span> <span class='ocrx_word' id='word_1_156' title='bbox 545 1579 804 1633; x_wconf 89' lang='lat' dir='ltr'>Villanoua,</span> <span class='ocrx_word' id='word_1_157' title='bbox 839 1586 888 1621; x_wconf 87' lang='lat' dir='ltr'>vt</span> <span class='ocrx_word' id='word_1_158' title='bbox 920 1587 1150 1636; x_wconf 86' lang='lat' dir='ltr'>praeesset</span> <span class='ocrx_word' id='word_1_159' title='bbox 1185 1574 1402 1632; x_wconf 76' lang='lat' dir='ltr'>fab&#39;ricae3</span> <span class='ocrx_word' id='word_1_160' title='bbox 1428 1579 1548 1622; x_wconf 86' lang='lat' dir='ltr'>vnde</span> <span class='ocrx_word' id='word_1_161' title='bbox 1577 1577 1861 1622; x_wconf 89' lang='lat' dir='ltr'>existimatur</span> 
     </span>
     <span class='ocr_line' id='line_1_19' title="bbox 227 1656 1707 1713; baseline -0.001 -15"><span class='ocrx_word' id='word_1_162' title='bbox 227 1656 436 1698; x_wconf 87' lang='lat' dir='ltr'>morbum</span> <span class='ocrx_word' id='word_1_163' title='bbox 465 1657 759 1710; x_wconf 85' lang='lat' dir='ltr'>contraxisse,</span> <span class='ocrx_word' id='word_1_164' title='bbox 798 1671 853 1700; x_wconf 84' lang='lat' dir='ltr'>ex</span> <span class='ocrx_word' id='word_1_165' title='bbox 883 1672 973 1713; x_wconf 92' lang='lat' dir='ltr'>quo</span> <span class='ocrx_word' id='word_1_166' title='bbox 1001 1664 1208 1700; x_wconf 87' lang='lat' dir='ltr'>mortuus</span> <span class='ocrx_word' id='word_1_167' title='bbox 1238 1663 1306 1700; x_wconf 93' lang='lat' dir='ltr'>est</span> <span class='ocrx_word' id='word_1_168' title='bbox 1335 1658 1486 1700; x_wconf 92' lang='lat' dir='ltr'>bonus</span> <span class='ocrx_word' id='word_1_169' title='bbox 1517 1658 1653 1699; x_wconf 87' lang='lat' dir='ltr'>Pater</span> <span class='ocrx_word' id='word_1_170' title='bbox 1676 1657 1707 1698; x_wconf 78' lang='lat'>³.</span> 
     </span>
    </p>
   </div>
   <div class='ocr_carea' id='block_1_5' title="bbox 319 1776 1220 1821">
    <p class='ocr_par' dir='ltr' id='par_1_5' title="bbox 319 1776 1220 1821">
     <span class='ocr_line' id='line_1_20' title="bbox 319 1776 1220 1821; baseline 0.001 -3"><span class='ocrx_word' id='word_1_171' title='bbox 319 1776 388 1818; x_wconf 70' lang='lat'>21</span> <span class='ocrx_word' id='word_1_172' title='bbox 875 1778 1220 1821; x_wconf 79' lang='lat' dir='ltr'>SALMANTICAE</span> 
     </span>
    </p>
   </div>
   <div class='ocr_carea' id='block_1_6' title="bbox 226 1888 1864 2551">
    <p class='ocr_par' dir='ltr' id='par_1_6' title="bbox 226 1888 1864 2551">
     <span class='ocr_line' id='line_1_21' title="bbox 317 1888 1863 1944; baseline 0 -13"><span class='ocrx_word' id='word_1_173' title='bbox 317 1890 365 1931; x_wconf 91' lang='lat' dir='ltr'>In</span> <span class='ocrx_word' id='word_1_174' title='bbox 389 1889 583 1944; x_wconf 90' lang='lat' dir='ltr'>hospitio</span> <span class='ocrx_word' id='word_1_175' title='bbox 607 1890 836 1934; x_wconf 90' lang='lat' dir='ltr'>famelicos</span> <span class='ocrx_word' id='word_1_176' title='bbox 858 1891 973 1933; x_wconf 92' lang='lat' dir='ltr'>duos</span> <span class='ocrx_word' id='word_1_177' title='bbox 995 1892 1244 1933; x_wconf 88' lang='lat' dir='ltr'>monachos</span> <span class='ocrx_word' id='word_1_178' title='bbox 1268 1889 1573 1933; x_wconf 84' lang='lat' dir='ltr'>franciscanos</span> <span class='ocrx_word' id='word_1_179' title='bbox 1590 1888 1783 1932; x_wconf 89' lang='lat' dir='ltr'>inuitaui</span> <span class='ocrx_word' id='word_1_180' title='bbox 1806 1890 1863 1932; x_wconf 88' lang='lat' dir='ltr'>ad</span> 
     </span>
     <span class='ocr_line' id='line_1_22' title="bbox 228 1966 1864 2022; baseline 0.001 -14"><span class='ocrx_word' id='word_1_181' title='bbox 228 1966 484 2022; x_wconf 87' lang='lat' dir='ltr'>prandium,</span> <span class='ocrx_word' id='word_1_182' title='bbox 511 1974 597 2010; x_wconf 86' lang='lat' dir='ltr'>etc.</span> <span class='ocrx_word' id='word_1_183' title='bbox 631 1967 842 2011; x_wconf 90' lang='lat' dir='ltr'>Visitaui:</span> <span class='ocrx_word' id='word_1_184' title='bbox 876 1967 1015 2010; x_wconf 87' lang='lat' dir='ltr'>habui</span> <span class='ocrx_word' id='word_1_185' title='bbox 1044 1966 1395 2012; x_wconf 87' lang='lat' dir='ltr'>exhortationes.</span> <span class='ocrx_word' id='word_1_186' title='bbox 1423 1966 1488 2009; x_wconf 91' lang='lat' dir='ltr'>Ibi</span> <span class='ocrx_word' id='word_1_187' title='bbox 1512 1966 1597 2009; x_wconf 90' lang='lat' dir='ltr'>fuit</span> <span class='ocrx_word' id='word_1_188' title='bbox 1625 1966 1864 2011; x_wconf 86' lang='lat' dir='ltr'>emendata</span> 
     </span>
     <span class='ocr_line' id='line_1_23' title="bbox 227 2043 1861 2101; baseline 0.002 -16"><span class='ocrx_word' id='word_1_189' title='bbox 227 2044 303 2086; x_wconf 88' lang='lat' dir='ltr'>illa</span> <span class='ocrx_word' id='word_1_190' title='bbox 325 2044 558 2099; x_wconf 89' lang='lat' dir='ltr'>percussio</span> <span class='ocrx_word' id='word_1_191' title='bbox 581 2059 763 2089; x_wconf 88' lang='lat' dir='ltr'>mensae</span> <span class='ocrx_word' id='word_1_192' title='bbox 792 2045 848 2088; x_wconf 93' lang='lat' dir='ltr'>ad</span> <span class='ocrx_word' id='word_1_193' title='bbox 878 2045 1147 2101; x_wconf 89' lang='lat' dir='ltr'>principium</span> <span class='ocrx_word' id='word_1_194' title='bbox 1176 2051 1220 2088; x_wconf 88' lang='lat' dir='ltr'>et</span> <span class='ocrx_word' id='word_1_195' title='bbox 1243 2045 1380 2088; x_wconf 88' lang='lat' dir='ltr'>finem</span> <span class='ocrx_word' id='word_1_196' title='bbox 1409 2043 1582 2100; x_wconf 88' lang='lat' dir='ltr'>prandij</span> <span class='ocrx_word' id='word_1_197' title='bbox 1608 2051 1653 2088; x_wconf 90' lang='lat' dir='ltr'>et</span> <span class='ocrx_word' id='word_1_198' title='bbox 1675 2057 1861 2088; x_wconf 88' lang='lat' dir='ltr'>coenae.</span> 
     </span>
     <span class='ocr_line' id='line_1_24' title="bbox 229 2120 1862 2174; baseline -0.001 -10"><span class='ocrx_word' id='word_1_199' title='bbox 229 2120 295 2164; x_wconf 88' lang='lat' dir='ltr'>Ibi</span> <span class='ocrx_word' id='word_1_200' title='bbox 318 2121 519 2164; x_wconf 90' lang='lat' dir='ltr'>intellexi</span> <span class='ocrx_word' id='word_1_201' title='bbox 540 2122 598 2166; x_wconf 94' lang='lat' dir='ltr'>de</span> <span class='ocrx_word' id='word_1_202' title='bbox 621 2122 735 2165; x_wconf 87' lang='lat' dir='ltr'>Cani</span> <span class='ocrx_word' id='word_1_203' title='bbox 758 2122 804 2165; x_wconf 92' lang='lat' dir='ltr'>in</span> <span class='ocrx_word' id='word_1_204' title='bbox 840 2137 923 2166; x_wconf 89' lang='lat' dir='ltr'>nos</span> <span class='ocrx_word' id='word_1_205' title='bbox 947 2123 1196 2166; x_wconf 88' lang='lat' dir='ltr'>offensione</span> <span class='ocrx_word' id='word_1_206' title='bbox 1238 2128 1283 2165; x_wconf 92' lang='lat' dir='ltr'>et</span> <span class='ocrx_word' id='word_1_207' title='bbox 1324 2121 1591 2174; x_wconf 84' lang='lat' dir='ltr'>maledictis3</span> <span class='ocrx_word' id='word_1_208' title='bbox 1628 2127 1673 2165; x_wconf 93' lang='lat' dir='ltr'>et</span> <span class='ocrx_word' id='word_1_209' title='bbox 1712 2128 1862 2163; x_wconf 90' lang='lat' dir='ltr'>tamen</span> 
     </span>
     <span class='ocr_line' id='line_1_25' title="bbox 228 2197 1864 2256; baseline -0.001 -15"><span class='ocrx_word' id='word_1_210' title='bbox 228 2206 448 2241; x_wconf 87' lang='lat' dir='ltr'>euocatus</span> <span class='ocrx_word' id='word_1_211' title='bbox 465 2214 522 2242; x_wconf 85' lang='lat' dir='ltr'>ex</span> <span class='ocrx_word' id='word_1_212' title='bbox 540 2200 818 2256; x_wconf 86' lang='lat' dir='ltr'>Portugallia</span> <span class='ocrx_word' id='word_1_213' title='bbox 836 2201 999 2245; x_wconf 89' lang='lat' dir='ltr'>Strada</span> <span class='ocrx_word' id='word_1_214' title='bbox 1017 2201 1175 2244; x_wconf 90' lang='lat' dir='ltr'>eodem</span> <span class='ocrx_word' id='word_1_215' title='bbox 1194 2207 1394 2255; x_wconf 88' lang='lat' dir='ltr'>tempore</span> <span class='ocrx_word' id='word_1_216' title='bbox 1413 2198 1499 2241; x_wconf 91' lang='lat' dir='ltr'>fuit</span> <span class='ocrx_word' id='word_1_217' title='bbox 1515 2197 1722 2251; x_wconf 89' lang='lat' dir='ltr'>celebris,</span> <span class='ocrx_word' id='word_1_218' title='bbox 1736 2204 1782 2241; x_wconf 94' lang='lat' dir='ltr'>et</span> <span class='ocrx_word' id='word_1_219' title='bbox 1794 2205 1864 2240; x_wconf 86' lang='lat' dir='ltr'>at-</span> 
     </span>
     <span class='ocr_line' id='line_1_26' title="bbox 231 2274 1861 2333; baseline 0 -16"><span class='ocrx_word' id='word_1_220' title='bbox 231 2275 334 2318; x_wconf 84' lang='lat' dir='ltr'>tulit</span> <span class='ocrx_word' id='word_1_221' title='bbox 351 2276 628 2333; x_wconf 84' lang='lat' dir='ltr'>singularem</span> <span class='ocrx_word' id='word_1_222' title='bbox 649 2278 845 2320; x_wconf 89' lang='lat' dir='ltr'>fructum</span> <span class='ocrx_word' id='word_1_223' title='bbox 864 2277 1115 2320; x_wconf 86' lang='lat' dir='ltr'>animabus.</span> <span class='ocrx_word' id='word_1_224' title='bbox 1136 2279 1206 2320; x_wconf 91' lang='lat' dir='ltr'>De</span> <span class='ocrx_word' id='word_1_225' title='bbox 1224 2277 1351 2320; x_wconf 91' lang='lat' dir='ltr'>Cano</span> <span class='ocrx_word' id='word_1_226' title='bbox 1367 2290 1524 2318; x_wconf 89' lang='lat' dir='ltr'>rursus</span> <span class='ocrx_word' id='word_1_227' title='bbox 1542 2275 1704 2318; x_wconf 89' lang='lat' dir='ltr'>dicam.</span> <span class='ocrx_word' id='word_1_228' title='bbox 1737 2274 1743 2332; x_wconf 90' lang='grc' dir='ltr'>Ι</span> <span class='ocrx_word' id='word_1_229' title='bbox 1771 2276 1861 2318; x_wconf 77' lang='lat' dir='ltr'>Re-</span> 
     </span>
     <span class='ocr_line' id='line_1_27' title="bbox 226 2352 1858 2410; baseline 0 -14"><span class='ocrx_word' id='word_1_230' title='bbox 226 2354 390 2409; x_wconf 88' lang='lat' dir='ltr'>spondi</span> <span class='ocrx_word' id='word_1_231' title='bbox 416 2361 462 2397; x_wconf 93' lang='lat' dir='ltr'>et</span> <span class='ocrx_word' id='word_1_232' title='bbox 491 2354 565 2397; x_wconf 93' lang='lat' dir='ltr'>hic</span> <span class='ocrx_word' id='word_1_233' title='bbox 593 2355 750 2408; x_wconf 89' lang='lat' dir='ltr'>multa,</span> <span class='ocrx_word' id='word_1_234' title='bbox 775 2369 892 2410; x_wconf 90' lang='lat' dir='ltr'>quae</span> <span class='ocrx_word' id='word_1_235' title='bbox 909 2355 1193 2397; x_wconf 86' lang='lat' dir='ltr'>habebantur</span> <span class='ocrx_word' id='word_1_236' title='bbox 1215 2353 1261 2395; x_wconf 90' lang='lat' dir='ltr'>in</span> <span class='ocrx_word' id='word_1_237' title='bbox 1289 2352 1443 2409; x_wconf 88' lang='lat' dir='ltr'>primis</span> <span class='ocrx_word' id='word_1_238' title='bbox 1465 2352 1858 2396; x_wconf 89' lang='lat' dir='ltr'>instructionibus.</span> 
     </span>
     <span class='ocr_line' id='line_1_28' title="bbox 228 2429 1864 2487; baseline -0.001 -14"><span class='ocrx_word' id='word_1_239' title='bbox 228 2431 402 2487; x_wconf 82' lang='lat' dir='ltr'>Accepi</span> <span class='ocrx_word' id='word_1_240' title='bbox 423 2431 597 2476; x_wconf 89' lang='lat' dir='ltr'>itineris</span> <span class='ocrx_word' id='word_1_241' title='bbox 620 2432 791 2475; x_wconf 90' lang='lat' dir='ltr'>socium</span> <span class='ocrx_word' id='word_1_242' title='bbox 816 2434 878 2475; x_wconf 89' lang='lat' dir='ltr'>M.</span> <span class='ocrx_word' id='word_1_243' title='bbox 905 2432 1198 2475; x_wconf 88' lang='lat' dir='ltr'>Emanuelem</span> <span class='ocrx_word' id='word_1_244' title='bbox 1221 2432 1278 2474; x_wconf 93' lang='lat' dir='ltr'>de</span> <span class='ocrx_word' id='word_1_245' title='bbox 1300 2431 1403 2482; x_wconf 88' lang='lat' dir='ltr'>Saa,</span> <span class='ocrx_word' id='word_1_246' title='bbox 1430 2429 1507 2485; x_wconf 91' lang='lat' dir='ltr'>qui</span> <span class='ocrx_word' id='word_1_247' title='bbox 1536 2443 1715 2474; x_wconf 89' lang='lat' dir='ltr'>mecum</span> <span class='ocrx_word' id='word_1_248' title='bbox 1737 2429 1864 2473; x_wconf 89' lang='lat' dir='ltr'>venit</span> 
     </span>
     <span class='ocr_line' id='line_1_29' title="bbox 231 2510 435 2551; baseline -0.005 0"><span class='ocrx_word' id='word_1_249' title='bbox 231 2510 435 2551; x_wconf 88' lang='lat' dir='ltr'>Romam.</span> 
     </span>
    </p>
   </div>
   <div class='ocr_carea' id='block_1_7' title="bbox 300 2628 1863 2913">
    <p class='ocr_par' dir='ltr' id='par_1_7' title="bbox 300 2628 1863 2913">
     <span class='ocr_line' id='line_1_30' title="bbox 320 2628 1144 2672; baseline 0 -2"><span class='ocrx_word' id='word_1_250' title='bbox 320 2628 398 2670; x_wconf 67' lang='lat'>22</span> <span class='ocrx_word' id='word_1_251' title='bbox 951 2629 1144 2672; x_wconf 77' lang='lat' dir='ltr'><strong>AUILAE</strong></span> 
     </span>
     <span class='ocr_line' id='line_1_31' title="bbox 315 2737 1863 2797; baseline -0.002 -14"><span class='ocrx_word' id='word_1_252' title='bbox 315 2740 452 2784; x_wconf 92' lang='lat' dir='ltr'>Volui</span> <span class='ocrx_word' id='word_1_253' title='bbox 474 2740 584 2783; x_wconf 90' lang='lat' dir='ltr'>illud</span> <span class='ocrx_word' id='word_1_254' title='bbox 611 2740 882 2797; x_wconf 89' lang='lat' dir='ltr'>principium</span> <span class='ocrx_word' id='word_1_255' title='bbox 910 2739 1079 2791; x_wconf 88' lang='lat' dir='ltr'>videre,</span> <span class='ocrx_word' id='word_1_256' title='bbox 1113 2740 1235 2795; x_wconf 92' lang='lat' dir='ltr'>quod</span> <span class='ocrx_word' id='word_1_257' title='bbox 1266 2739 1434 2783; x_wconf 87' lang='lat' dir='ltr'>fecerat</span> <span class='ocrx_word' id='word_1_258' title='bbox 1467 2740 1518 2781; x_wconf 88' lang='lat' dir='ltr'>P.</span> <span class='ocrx_word' id='word_1_259' title='bbox 1547 2737 1863 2782; x_wconf 88' lang='lat' dir='ltr'>Ferdinandus</span> 
     </span>
     <span class='ocr_line' id='line_1_32' title="bbox 300 2865 1270 2913; baseline -0.001 -12"><span class='ocrx_word' id='word_1_260' title='bbox 300 2870 308 2888; x_wconf 92' lang='lat'>¹</span> <span class='ocrx_word' id='word_1_261' title='bbox 362 2867 462 2902; x_wconf 91' lang='lat' dir='ltr'>Vide</span> <span class='ocrx_word' id='word_1_262' title='bbox 482 2868 698 2911; x_wconf 77' lang='lat' dir='ltr'>POLANCO,</span> <span class='ocrx_word' id='word_1_263' title='bbox 722 2866 886 2913; x_wconf 68' lang='lat' dir='ltr'>Chrom,</span> <span class='ocrx_word' id='word_1_264' title='bbox 912 2866 984 2913; x_wconf 90' lang='lat' dir='ltr'>III,</span> <span class='ocrx_word' id='word_1_265' title='bbox 1005 2865 1270 2912; x_wconf 59' lang='lat' dir='ltr'>Appendices</span> 
     </span>
    </p>
   </div>
   <div class='ocr_carea' id='block_1_8' title="bbox 296 2927 1750 3032">
    <p class='ocr_par' dir='ltr' id='par_1_8' title="bbox 296 2927 1750 3032">
     <span class='ocr_line' id='line_1_33' title="bbox 301 2927 706 2974; baseline -0.002 -12"><span class='ocrx_word' id='word_1_266' title='bbox 301 2929 314 2948; x_wconf 76' lang='lat'><strong>²</strong></span> <span class='ocrx_word' id='word_1_267' title='bbox 366 2927 455 2972; x_wconf 87' lang='lat' dir='ltr'>Ms.,</span> <span class='ocrx_word' id='word_1_268' title='bbox 470 2930 706 2974; x_wconf 71' lang='lat' dir='ltr'>progressu.</span> 
     </span>
     <span class='ocr_line' id='line_1_34' title="bbox 296 2985 1750 3032; baseline -0.003 -11"><span class='ocrx_word' id='word_1_269' title='bbox 296 2987 310 3005; x_wconf 74' lang='lat'>⁵</span> <span class='ocrx_word' id='word_1_270' title='bbox 362 2987 451 3032; x_wconf 87' lang='lat' dir='ltr'>Ms.,</span> <span class='ocrx_word' id='word_1_271' title='bbox 470 2990 526 3022; x_wconf 83' lang='lat' dir='ltr'>est</span> <span class='ocrx_word' id='word_1_272' title='bbox 543 2989 727 3021; x_wconf 70' lang='lat' dir='ltr'>mortuus</span> <span class='ocrx_word' id='word_1_273' title='bbox 745 2989 800 3022; x_wconf 79' lang='lat' dir='ltr'>est</span> <span class='ocrx_word' id='word_1_274' title='bbox 819 2986 940 3021; x_wconf 78' lang='lat' dir='ltr'>bonus</span> <span class='ocrx_word' id='word_1_275' title='bbox 962 2985 1097 3020; x_wconf 55' lang='lat' dir='ltr'>Patar.</span> <span class='ocrx_word' id='word_1_276' title='bbox 1121 2985 1208 3020; x_wconf 82' lang='lat' dir='ltr'>Fol.</span> <span class='ocrx_word' id='word_1_277' title='bbox 1234 2993 1278 3018; x_wconf 82' lang='lat'>20</span> <span class='ocrx_word' id='word_1_278' title='bbox 1300 2996 1335 3018; x_wconf 86' lang='lat' dir='ltr'>v.</span> <span class='ocrx_word' id='word_1_279' title='bbox 1359 2995 1526 3018; x_wconf 88' lang='lat' dir='ltr'>vacuum</span> <span class='ocrx_word' id='word_1_280' title='bbox 1556 2986 1750 3018; x_wconf 81' lang='lat' dir='ltr'>remanet.</span> 
     </span>
    </p>
   </div>
  </div>
 </body>
</html>
