1958 3210
210 199 234 233 6
780 199 822 233 P.
845 199 1031 234 NATALJS
1058 200 1278 235 EPHEMER.

214 299 349 342 tionis
388 310 457 342 2‚a
500 299 727 353 Panormj.
770 299 988 354 Magister
1027 300 1245 343 Claudius
1281 302 1338 345 de
1375 301 1568 357 collegio
1606 301 1845 346 viennensi

214 377 325 432 agit.
362 375 558 419 Mittitur
594 375 811 431 magister
848 375 1047 418 Lanoius
1084 391 1188 419 cum
1225 377 1368 432 soeijs.
1410 378 1606 422 Mittitur
1635 378 1705 436 [P.
1747 380 1850 422 Do-

215 452 421 510 menech]
444 451 699 495 Valentiam
729 452 816 494 30
846 453 902 494 ad
930 452 1188 507 collegium,
1215 454 1337 507 quod
1366 454 1664 510 applicatione
1692 456 1749 498 ad
1787 469 1843 509 30

215 544 358 571 annos
395 535 648 583 prouentus
685 527 755 570 sui
793 527 1087 570 canonicatus
1125 536 1170 572 et
1207 529 1474 584 patrimonio
1507 539 1738 586 praeterea
1760 546 1847 574 suo

216 607 454 648 fundatum
492 611 603 648 erat.
641 605 836 647 Multum
873 605 1051 646 confert
1073 612 1118 648 et
1145 604 1191 647 in
1229 605 1343 661 alijs,
1375 613 1420 648 et
1449 609 1570 661 quod
1598 607 1761 650 emitur
1789 623 1844 651 ex

214 681 500 726 eleemosinis
536 683 715 724 domus.
751 683 803 723 P.
845 680 1034 732 Natalis,
1076 682 1366 736 prouincialis
1396 682 1575 727 Siciliae
1612 683 1740 727 iuuat
1776 684 1845 726 vi-

214 773 423 815 ceregem
445 757 491 800 in
514 757 727 813 operibus
749 758 835 813 pijs
864 757 1044 813 publice
1066 757 1309 814 erigendis,
1336 759 1633 815 eleemosynis
1655 761 1848 816 publicis

214 835 474 891 erogandis,
501 851 526 879 e
549 835 715 890 quibus
738 850 795 878 ne
823 834 1005 877 obolum
1034 834 1215 889 quidem
1238 850 1436 891 vnquam
1459 835 1664 892 accipere
1686 837 1847 889 voluit,

215 920 407 969 rogante
449 912 676 968 vicerege.
731 912 968 954 Fundatur
1010 911 1254 967 collegium
1295 912 1686 968 panormitanum,
1733 913 1850 956 datis

215 989 466 1032 redditibus
508 1005 534 1032 a
571 989 773 1041 ciuitate,
814 996 899 1031 etc.
949 988 1140 1031 Carolus
1177 988 1363 1044 quintus
1406 989 1614 1032 concedit
1656 989 1851 1046 collegio

215 1066 527 1122 panormitano
550 1066 666 1109 vniri
690 1066 914 1109 abbatiam
939 1067 1061 1110 grae
1085 1065 1254 1110 Mariae
1281 1067 1397 1110 della
1425 1068 1603 1119 Grotta,
1630 1081 1746 1122 quae
1767 1068 1848 1110 da·

215 1144 349 1186 batur
370 1143 457 1185 iam
481 1143 586 1186 olim
609 1143 654 1185 in
678 1144 1008 1195 commendam,
1035 1158 1118 1186 nec
1145 1144 1235 1186 vlla
1257 1151 1325 1186 est
1348 1158 1534 1199 prorsus
1571 1143 1851 1186 monachalis

215 1221 493 1265 obseruatio.
521 1223 573 1264 P.
607 1221 781 1264 Natalis
809 1220 1000 1263 mittitur
1031 1220 1371 1276 Aphrodisium,
1404 1235 1493 1276 quo
1524 1221 1788 1264 mittebatur
1815 1222 1821 1278 Ι

213 1298 370 1341 classis
411 1298 668 1354 quindecim
703 1297 951 1340 triremium
981 1312 1084 1340 cum
1113 1299 1448 1354 supplemento,
1484 1305 1590 1349 etc.,
1618 1305 1853 1353 assumpto

214 1375 338 1418 socio
360 1375 578 1431 magistro
601 1375 789 1418 Isidoro.
818 1385 888 1417 2.a
912 1374 1010 1430 Iulij
1041 1375 1280 1431 naufragio
1310 1376 1334 1417 8
1365 1374 1569 1417 triremes
1597 1374 1846 1430 perierunt,

215 1460 262 1495 et
298 1453 428 1495 multi
464 1453 694 1506 mortales,
719 1460 764 1496 et
801 1452 847 1495 in
884 1452 954 1495 his
990 1453 1187 1495 Isidorus
1225 1452 1296 1508 pie
1333 1466 1385 1495 ac
1423 1451 1614 1494 fortiter.
1656 1451 1849 1503 Natalis⁷

216 1544 384 1585 magno
416 1531 502 1572 Dei
539 1529 776 1582 beneficio,
818 1529 980 1582 euasit,
1022 1537 1107 1573 etc.
1150 1529 1255 1572 Fuit
1293 1528 1552 1585 Aphrodisij
1585 1541 1614 1581 4
1650 1542 1848 1581 menses,

216 1607 332 1649 iuuit
354 1606 518 1651 milites
541 1621 592 1649 ac
615 1608 889 1660 sacerdotes,
916 1613 1003 1651 etc.
1032 1608 1147 1649 Cum
1171 1606 1377 1662 redijsset
1401 1608 1672 1657 Messanam,
1700 1612 1848 1647 trans-

216 1691 366 1726 actum
391 1690 460 1727 est
482 1685 539 1728 de
568 1691 786 1740 perpetua
809 1683 1074 1726 fundatione
1100 1683 1219 1726 illius
1248 1682 1443 1738 collegij,
1470 1690 1555 1724 etc.
1585 1683 1850 1724 Inchoatum

216 1761 459 1817 collegium
478 1761 815 1817 neapolitanum
832 1776 912 1817 per
936 1763 1059 1816 Mag.
1088 1761 1397 1804 Salmeronem
1415 1767 1460 1802 et
1478 1762 1602 1816 Mag.
1617 1759 1848 1802 Ouedum.

217 1838 394 1882 Deinde
430 1838 518 1881 iam
556 1839 758 1882 secundo
801 1838 941 1881 nostri
984 1837 1175 1881 veniunt
1216 1837 1559 1894 Inglostadium,
1605 1842 1650 1878 et
1687 1837 1851 1878 docent

217 1930 383 1971 magna
406 1915 668 1960 celebritate
692 1918 744 1958 P.
786 1916 1037 1967 Salmeron,
1074 1917 1124 1958 P.
1159 1914 1385 1968 Canisius,
1416 1921 1462 1957 et
1492 1916 1543 1957 P.
1585 1913 1849 1957 Gaudanus.

218 1995 322 2036 Non
346 1993 613 2049 transigitur
649 1994 719 2036 31
751 1994 808 2036 de
837 1993 1056 2049 collegi03
1083 1993 1179 2046 sed,
1210 1992 1290 2048 qui
1319 1993 1493 2034 fructus
1528 1991 1615 2033 fuit
1642 1989 1852 2040 eximius,

218 2070 514 2126 incoeperunt
537 2070 801 2129 Inglostadij
826 2078 872 2113 et
894 2070 1100 2114 Viennae
1123 2069 1327 2126 germani
1350 2068 1541 2112 iuuenes
1563 2069 1621 2111 ad
1649 2065 1853 2111 Societa-

218 2154 309 2191 tem
332 2147 486 2203 recipi.
514 2148 802 2192 Ferrariense
825 2155 894 2192 est
912 2147 1155 2203 collegium
1174 2147 1450 2189 inchoatum:
1473 2152 1654 2200 apertae
1672 2143 1855 2187 scholae

217 2224 534 2267 humaniorum
563 2225 811 2277 literarum,
842 2240 922 2281 per
950 2227 1012 2268 M.
1047 2223 1342 2267 Paschasium
1371 2230 1417 2267 et
1444 2225 1504 2265 M.
1540 2219 1849 2266 Pelletarium.

219 2303 484 2344 Inchoatum
523 2309 1004 2358 caesaraugustanum.
1043 2300 1289 2344 Accusatio
1326 2298 1531 2355 magistri
1564 2296 1742 2340 Ioannis
1779 2296 1852 2339 del

220 2380 436 2431 Mercato,
463 2386 509 2421 et
537 2379 654 2422 actio
682 2380 902 2422 aduersus
931 2378 1072 2420 illum.
1104 2377 1264 2433 Incipit
1292 2375 1571 2432 perturbatio
1593 2381 1850 2417 nostrorum

217 2455 264 2496 in
287 2456 479 2511 collegio
502 2455 865 2511 cohjmbricensi:
887 2457 948 2499 M.
977 2457 1157 2510 Laynez
1179 2454 1230 2496 fit
1247 2452 1536 2509 prouincialis
1558 2451 1726 2495 Ivtaliae.
1759 2449 1765 2507 Ι

967 2578 1110 2624 [15]52

311 2688 513 2730 Vocatur
543 2689 730 2730 Romam
760 2686 951 2740 Natalis,
986 2694 1035 2729 vt
1064 2685 1237 2729 videret
1267 2683 1632 2736 constitutiones,
1663 2696 1716 2725 ac
1744 2696 1855 2738 pr0»

222 2763 463 2807 fessionem
501 2765 741 2807 emitteret:
782 2771 1027 2819 Vtrumque
1066 2762 1186 2816 fecit3
1228 2762 1308 2805 sed
1345 2760 1693 2817 professionem,
1729 2759 1858 2801 iussu

223 2841 372 2884 Patris
395 2841 575 2897 Ignatii,
613 2856 752 2896 quum
776 2842 871 2898 ipse
893 2841 1083 2898 eligeret
1106 2854 1206 2884 esse
1244 2838 1479 2882 coadiutor
1503 2839 1532 2890 ¹3
1564 2844 1609 2880 et
1639 2836 1853 2887 rationes,

292 3010 303 3030 ¹
355 3009 443 3044 Non
462 3011 562 3045 bene
581 3021 669 3045 cum
688 3010 748 3045 his
766 3009 976 3045 concordat
994 3007 1247 3053 Orlandinus,
1268 3007 1334 3054 qui
1359 3007 1456 3041 haec
1474 3005 1523 3040 de
1540 3006 1585 3040 P.
1604 3003 1734 3039 Natali
1759 3002 1852 3038 scri-
