1958 3210
697 172 951 207 SEPTEMBRE
980 172 1069 217 1562
1629 184 1644 211 1
1654 185 1668 210 1
1679 185 1693 211 t

68 275 133 317 rio
158 273 259 316 ferri
283 279 332 315 ut
357 287 405 316 se
428 272 632 317 Societas
654 273 788 315 dedat
805 272 851 314 in
868 273 1136 328 obsequium
1154 289 1206 317 ac
1223 275 1457 318 servitium
1474 276 1696 319 Domina-

70 350 203 393 tionis
226 351 353 393 Tuae
375 348 723 392 Illustrissimae.

159 427 296 482 Quod
316 440 424 468 vero
446 425 607 467 attinet
629 426 685 468 ad
706 424 885 481 collegii
908 425 1252 479 institutionem,
1279 427 1388 470 nihil
1412 443 1499 484 ego
1516 429 1692 482 dubito,

66 503 178 559 *quin
202 505 275 545 Pr.
302 503 381 545 Nr.
410 501 635 558 generalis
658 501 816 545 libenti
836 502 894 544 sit
921 501 1072 545 animo
1100 503 1336 559 imperium
1361 506 1413 547 T.
1441 505 1494 547 C.
1521 520 1694 561 exequ-

1 586 10 591 ”
65 587 246 630 uturus,
272 580 329 621 ad
352 593 485 633 quem
507 592 595 633 ego
620 578 886 622 Tridentum
908 593 1114 635 propero,
1141 579 1217 622 vbi
1240 580 1475 636 negotium
1492 596 1573 637 pro
1596 596 1695 625 mea

71 655 289 698 tenuitate
311 655 605 711 promouebo.
632 656 808 698 Interea
832 662 983 699 tamen
1003 656 1149 698 audeo
1172 671 1252 711 pro
1273 671 1374 700 meo
1391 657 1538 699 officio
1555 673 1695 714 spon-

66 734 172 776 dere
191 733 243 775 C.
266 734 318 774 T.
340 746 433 774 rem
451 732 705 773 confectam
724 731 792 783 iri,
813 746 864 774 ac
881 732 1140 788 collegium,
1159 732 1235 774 vbi
1252 747 1323 775 res
1341 741 1474 775 erunt
1492 741 1691 789 paratae,

66 809 335 851 mittendum
362 810 389 850 ¹.
417 807 607 850 Curabit
628 807 768 863 igitur
790 808 843 850 C.
871 810 924 850 T.
947 808 998 865 (si
1016 808 1078 851 ita
1097 808 1315 865 videatur)
1341 816 1435 852 tum
1453 811 1695 854 restaurari

66 885 406 938 monasterium,
429 892 523 926 tum
542 884 651 926 illud
669 898 772 927 cum
790 885 952 927 annuis
969 885 1219 929 redditibus
1236 885 1482 929 vniendum
1502 887 1516 907 ²
1536 894 1694 930 aucto—

69 963 198 1006 ritate
221 962 466 1018 apostolica
488 961 551 1003 illi
574 961 766 1017 collegio
785 961 1042 1005 Societatis.

158 1039 535 1083 Concionatorem
558 1052 680 1080 nunc
702 1038 942 1092 mitterem,
969 1045 1014 1082 et
1034 1038 1215 1093 quidem
1238 1041 1295 1082 D.
1323 1040 1590 1094 Henricum‚
1610 1040 1695 1083 nisi

72 1115 326 1159 necessario
354 1122 473 1159 esset
501 1117 694 1159 hesurus
718 1114 946 1157 Coloniae.
976 1116 1067 1158 Sed
1094 1122 1243 1158 tamen
1268 1115 1396 1159 breui
1423 1130 1525 1158 cum
1551 1117 1697 1173 gratia

68 1193 252 1237 Domini
275 1192 506 1235 curabitur
538 1193 570 1244 ⁵,
602 1198 651 1233 vt
678 1192 752 1235 vel
780 1191 853 1233 hic
882 1192 953 1235 vel
982 1192 1095 1233 alius
1125 1194 1181 1234 ad
1208 1207 1374 1235 munus
1398 1193 1697 1236 concionandi

68 1270 257 1314 idoneus
281 1270 337 1311 ad
360 1270 413 1312 C.
441 1270 494 1311 T.
521 1268 740 1310 mittatur.
767 1267 815 1312 Si
839 1268 947 1322 quid
969 1276 1199 1323 praeterea
1221 1270 1306 1313 erit
1328 1269 1616 1313 scribendum
1640 1272 1695 1313 ad

69 1349 121 1391 C.
149 1349 217 1400 T.,
244 1347 342 1401 ejus
366 1345 429 1389 rei
452 1346 585 1388 datur
603 1346 617 1365 ‘⁶
636 1344 872 1401 negotium
889 1346 946 1387 D.
969 1344 1201 1388 Heinrico.
1225 1348 1336 1388 Χ.υὸ
1347 1330 1483 1403 Jesus
1501 1361 1695 1403 genero—

69 1439 162 1468 sam
187 1425 201 1446 ⁵
221 1424 273 1466 C.
301 1425 354 1465 T.
381 1437 433 1465 ac
456 1437 561 1466 vere
585 1421 850 1465 catholicam
874 1428 1070 1464 mentem
1088 1422 1235 1478 erigat
1251 1423 1297 1465 in
1315 1423 1426 1475 dies,
1454 1425 1697 1479 provehat-

63 1515 154 1556 que
175 1499 339 1542 divinis
362 1499 667 1552 incrementis,
693 1506 738 1541 et
761 1498 882 1540 omni
905 1505 1128 1553 proventu
1152 1499 1372 1554 spirituali
1391 1499 1526 1542 faciat
1543 1501 1697 1543 effica-

62 1593 164 1621 cem
187 1591 239 1620 ac
263 1579 315 1620 R.
344 1579 396 1619 T.
424 1577 557 1619 Ilee
580 1579 637 1619 D.
666 1578 719 1619 T.
753 1574 1035 1630 ecclesieque
1063 1590 1144 1619 sue
1172 1575 1425 1620 diutissime
1454 1585 1603 1620 servet
1626 1577 1695 1619 in—

73 1655 309 1698 columem.

830 1770 942 1809 ‘214

461 1846 518 1886 P.
570 1842 1013 1885 HIERONIMUS
1060 1842 1299 1885 NADAL

572 1919 730 1953 PATRI
757 1916 964 1963 JACOBO
991 1917 1184 1952 LAINEZ

517 1986 780 2022 MOGUNTlAE,
810 1985 1059 2012 SEPTEMBRE
1093 1976 1183 2020 1562
1213 1978 1241 2012 ⁶.

65 2052 278 2095 Ροίαησιιε,
298 2063 344 2086 ex
362 2051 648 2090 commissione,
669 2049 791 2083 Patri
808 2048 988 2089 Mandrai,
1009 2048 1072 2082 die
1093 2057 1139 2082 22
1169 2047 1347 2083 Octobris
1370 2049 1580 2095 epistolam
1598 2049 1701 2083 hanc

279 2112 419 2146 Patris
437 2110 587 2150 Nadab
608 2121 687 2154 qua
705 2119 901 2151 caremus,
920 2108 1021 2142 hisce
1040 2107 1169 2141 verbis
1186 2111 1485 2142 commemorat:

159 2197 270 2238 «Del
293 2197 350 2237 P.
379 2195 533 2237 Nadal
555 2197 749 2236 tenemos
771 2206 946 2234 nueuas
978 2206 1036 2233 no
1067 2191 1167 2232 mois
1190 2192 1378 2248 frescas
1411 2205 1494 2246 que
1516 2191 1569 2232 de
1592 2191 1697 2232 Ma—

62 2274 248 2330 gantia,
271 2273 323 2314 de
340 2272 482 2314 donde
503 2272 613 2313 auia
644 2270 697 2312 de
722 2269 881 2324 partia*
912 2268 958 2310 al
989 2268 1146 2310 zzltimo
1174 2268 1227 2309 de
1255 2268 1498 2310 Setiembre
1513 2272 1638 2322 para
1660 2268 1702 2309 el

142 2387 150 2406 ¹
202 2385 365 2430 Signum
384 2382 650 2419 admirationis
669 2381 731 2416 hic
750 2380 909 2415 adhibet
928 2380 1120 2423 HANSEN3
1142 2379 1211 2414 sed
1229 2384 1336 2414 recte
1353 2384 1392 2414 et
1405 2379 1633 2425 frequenter
1646 2379 1703 2414 di-

68 2444 168 2480 citur
185 2445 398 2491 collegium
426 2443 667 2478 mittendum
687 2440 726 2475 in
745 2440 912 2487 aliquam
931 2440 1082 2484 urbem,
1102 2450 1189 2474 cum
1208 2438 1256 2473 de
1275 2439 1406 2484 sociis,
1425 2438 1567 2485 quibus
1586 2440 1703 2473 colle-

66 2504 175 2549 gium
194 2509 373 2538 constare
392 2503 525 2547 debet,
545 2500 747 2535 mittendis
767 2511 894 2534 sermo
909 2504 982 2533 est.

138 2565 151 2584 ²
202 2563 380 2598 HANSEN
398 2561 495 2606 legit
514 2560 743 2600 vivendum,
760 2563 798 2593 at
812 2568 1029 2604 perperam3
1046 2568 1134 2591 nam
1150 2557 1187 2591 in
1203 2556 1338 2590 codice
1353 2555 1583 2590 Kesseliano
1596 2562 1704 2591 recte

67 2621 256 2668 scriptum
276 2626 335 2657 est
353 2621 588 2656 vniendum.

140 2681 154 2701 ³
203 2681 402 2715 HANSEN:
437 2679 513 2714 Sed
545 2681 680 2713 tamen
717 2677 826 2711 brevi
858 2676 1070 2711 curabitur
1082 2704 1090 2720 ‚
1123 2673 1409 2721 praetermissis
1446 2673 1578 2709 verbis
1614 2687 1705 2709 cum

72 2740 213 2786 gratia
233 2739 416 2774 Domini.

143 2800 158 2820 ⁴
207 2799 290 2832 Hoc
316 2799 479 2833 verbum
504 2796 732 2843 imperfecte
760 2799 960 2830 exaratum
984 2793 1077 2836 fuit,
1102 2795 1228 2828 datur
1257 2798 1387 2827 tamen
1413 2792 1623 2837 legendum
1651 2793 1709 2828 vi-

72 2857 208 2893 detur.

151 2918 165 2939 ⁵
216 2917 492 2962 Apographum
511 2921 686 2951 nostrum
701 2915 821 2949 habet
835 2924 1090 2961 genorosam.

148 2977 163 2997 ὓ
213 2976 271 3010 Ex
290 2976 514 3021 archetypo,
534 2974 574 3009 in
596 2973 690 3009 Cod.
714 2973 834 3014 PLB,
855 2971 1001 3018 duplici
1019 2971 1088 3006 fol.
1103 2999 1111 3016 ‚
1129 2978 1171 3014 71
1194 2968 1310 3014 (358).
