1958 3210
765 157 855 195 1559
882 159 935 185 Er
961 151 1006 185 60
1399 170 1401 172 ·
1648 156 1692 200 65

152 254 217 294 Eo
246 259 444 306 tempore
476 251 758 306 frequentius
788 253 1012 295 euocabat
1042 254 1221 296 Patrem
1252 256 1526 310 generalem:
1563 256 1692 300 beni-

62 327 276 386 gnissime
297 341 400 369 cum
417 327 492 369 illo
510 327 690 383 agebat.
714 327 948 370 Pollicitus
966 336 1035 372 est
1052 344 1100 372 se
1118 331 1234 374 velle
1253 331 1441 374 fundare
1460 332 1578 375 12⁰
1596 334 1691 375 col—

65 404 247 461 legium,
273 419 421 448 emere
443 404 528 446 iam
560 404 750 459 primum
775 405 904 447 nobis
927 406 1126 459 domum3
1153 422 1210 450 ne
1234 414 1383 449 tamen
1412 408 1523 450 illud
1545 409 1691 464 publi-

65 495 282 534 caremus,
307 495 365 523 ne
387 481 515 523 fieret
536 481 699 524 domus
722 482 911 525 emenda
941 482 1101 535 carior;
1129 497 1285 525 verum
1310 499 1403 526 non
1425 484 1502 527 diu
1531 500 1690 541 super—

7 565 16 571 *
66 557 191 600 uixit.

149 635 266 678 Sede
288 640 497 687 vacante,
524 633 745 678 seditione
767 635 978 687 excitata,
1012 637 1184 694 romanj
1215 645 1479 680 euerterunt
1501 639 1686 680 domum

59 710 359 767 inquisitionis
402 710 629 766 Ripetam:
672 711 904 755 reuocauit
948 712 1047 755 illos
1085 728 1111 755 a
1147 714 1443 768 monasterjo,
1475 715 1531 757 ad
1567 717 1687 769 quod

52 788 352 831 euertendum
369 794 603 830 venerant:
625 787 781 830 minati
799 795 904 830 sunt
922 789 978 830 ad
1000 790 1357 845 comburendum
1382 790 1619 846 collegium
1639 799 1685 834 et

59 871 260 907 nostrum
282 871 514 907 venturos:
536 878 626 906 non
643 872 866 907 venerunt
885 872 1050 907 tamen.
1073 865 1210 909 Venit
1229 872 1403 908 tantum
1429 867 1565 909 frater
1589 869 1683 922 Ty-

59 940 166 996 berij
200 940 380 984 sublimi
415 940 462 983 in
493 954 625 996 equo:
661 943 876 984 conuenit
903 941 909 998 Ι
938 943 1075 985 solus:
1113 942 1303 986 discedit
1331 942 1488 998 paucis
1520 943 1682 987 diebus

61 1018 316 1060 clanculum
339 1017 579 1072 Tyberius.

145 1093 229 1137 Fui
256 1096 343 1136 hoc
371 1109 489 1137 anno
518 1101 563 1138 et
591 1094 798 1149 sequenti
827 1094 871 1136 in
905 1095 1113 1152 collegio:
1146 1097 1452 1139 commeabam
1481 1097 1682 1151 quotidie

53 1172 112 1213 ad
134 1171 512 1227 congregationes
542 1170 689 1213 Patris
717 1171 957 1227 generalis:
991 1186 1112 1215 eram
1135 1187 1270 1228 saepe
1297 1172 1359 1214 illi
1388 1172 1611 1229 ingratus,
1636 1181 1682 1216 et

56 1247 152 1303 alijs
176 1247 386 1291 Patribus
408 1247 724 1290 assistentibus
747 1249 962 1291 molestus
985 1256 1168 1304 propter
1195 1264 1341 1293 meam
1364 1248 1681 1305 importunita—

56 1331 144 1367 tem
166 1339 217 1367 ac
240 1325 551 1368 rusticitatem.

139 1401 434 1457 Disputabam
455 1402 548 1445 fere
563 1416 666 1444 cum
686 1402 910 1458 theologis
938 1402 1098 1446 diebus
1127 1402 1315 1445 sabbati.
1344 1404 1411 1445 Ex
1441 1404 1679 1446 Eautonti—

53 1493 311 1522 merumeno
334 1478 531 1534 Terentij
558 1479 642 1521 feci
671 1480 678 1499 ¹
704 1481 942 1522 honestam
972 1479 1267 1523 comoediam.
1295 1481 1407 1522 Fere
1436 1480 1675 1523 maximam

52 1555 320 1598 scholiorum
343 1562 514 1611 partem
538 1555 582 1597 in
602 1555 950 1599 constitutiones
974 1562 1018 1599 et
1041 1556 1367 1599 declarationes
1390 1557 1578 1611 absoluj.

136 1632 239 1674 121
264 1631 508 1675 Meditatus
535 1647 636 1675 sum
659 1632 704 1674 in
733 1633 747 1652 ²²
779 1632 1020 1688 euangelia
1049 1647 1104 1675 ex
1134 1634 1372 1688 pandecta,
1399 1647 1510 1687 quas
1534 1634 1652 1676 medi
1663 1661 1677 1664 v-

54 1708 244 1752 tationes
267 1709 427 1753 vellem
455 1708 703 1764 scripsisse.
737 1710 846 1751 Plus
875 1709 1059 1765 spiritus
1086 1709 1272 1752 videbar
1302 1711 1315 1731 ³
1347 1709 1391 1753 e‘t
1420 1710 1677 1766 intelligen-

52 1785 139 1829 tiae
159 1785 374 1840 mysticae
402 1800 457 1828 ex
485 1785 571 1828 illis
599 1785 822 1841 recepisse
849 1800 984 1840 quam
1013 1800 1211 1841 vnquam
1240 1793 1388 1840 antea,
1420 1786 1583 1841 retinuj
1609 1793 1678 1829 ta-

50 1877 151 1905 men
173 1862 364 1917 aliquem
387 1877 570 1905 sensum
593 1862 769 1905 illarum
792 1862 1154 1905 meditationum.

136 1941 313 1982 Mortuo
336 1940 494 1991 Paulo,
519 1939 644 1982 venit
666 1939 710 1981 in
734 1940 749 1959 ⁴
779 1939 1107 1983 dubitationem
1131 1941 1183 1982 P.
1211 1940 1435 1996 generalis
1458 1941 1514 1984 de
1538 1942 1676 1983 choro

47 2023 92 2059 et
109 2016 163 2058 de
180 2015 371 2060 triennio
388 2016 458 2058 sui
482 2015 631 2068 officii;
653 2030 809 2059 verum
826 2017 881 2059 de
899 2016 968 2059 his
985 2016 1077 2058 dixi
1095 2024 1195 2072 post
1213 2014 1381 2076 fine[m]
1399 2017 1674 2059 scholiorum

48 2091 93 2135 in
115 2092 458 2137 constitutiones
483 2095 514 2135 ⁵.
545 2092 551 2150 Ι

134 2169 396 2213 Adiecimus
418 2168 616 2211 animum
638 2169 685 2211 in
707 2184 783 2213 eas
799 2171 949 2222 aedes,
973 2170 1046 2212 vbi
1064 2184 1185 2213 nunc
1202 2171 1395 2213 habetur
1411 2169 1669 2225 collegium,

3 2303 7 2306 ἡ
48 2259 161 2300 quae
179 2246 341 2302 partim
363 2246 779 2301 complectabantur
799 2245 1030 2290 residuum
1051 2246 1202 2302 palatij
1230 2246 1376 2298 Pauli,
1397 2260 1536 2300 quum
1552 2253 1673 2288 esset

47 2322 300 2377 cardinalis,
325 2322 486 2378 partim
517 2324 702 2365 domum
739 2323 1018 2366 marchesiae
1041 2338 1067 2366 a
1104 2324 1250 2375 Valle,
1275 2330 1321 2365 et
1348 2322 1458 2365 alias
1495 2322 1667 2374 domos,

45 2412 160 2453 quae
167 2407 340 2456 emptae
357 2407 485 2443 erant
496 2400 552 2442 ad
563 2399 831 2444 coenobium
844 2400 1104 2443 monialium
1116 2400 1159 2442 di
1167 2415 1250 2443 uae
1260 2400 1420 2442 Clarae
1428 2398 1670 2443 instituen-

45 2475 166 2518 dum.
186 2478 366 2520 Mortuo
390 2477 547 2528 Paulo,
568 2475 885 2520 renuntiarunt
903 2475 965 2517 illi
982 2475 1269 2519 monasterio.
1297 2474 1554 2531 Applicatio
1576 2475 1669 2517 illa—

43 2565 140 2594 rum
160 2553 375 2596 domuum
403 2554 636 2609 spectabat
672 2553 729 2596 ad
764 2552 1077 2606 marchesiam,
1104 2567 1243 2607 quum
1272 2566 1326 2594 ea
1362 2550 1598 2594 inclinaret
1619 2559 1667 2593 vt

117 2713 125 2733 ¹
167 2703 221 2747 *In
236 2725 310 2748 ms.
335 2715 406 2748 hoc
425 2715 589 2748 verbum
609 2713 787 2748 iteratur.

112 2773 126 2792 ²
176 2772 221 2806 In
239 2783 309 2807 ms.
332 2774 376 2807 in
401 2772 597 2808 iteratum.

112 2830 128 2850 ³
176 2830 221 2864 In
238 2843 309 2866 ms.
329 2832 402 2866 hoc
416 2833 578 2867 verbum
596 2831 787 2878 repetitur
806 2832 921 2878 paulo
940 2831 1053 2866 infra.

114 2889 129 2909 ⁴
177 2889 253 2923 Ms.
265 2916 274 2934 ‚
293 2891 401 2925 venit
418 2891 462 2925 in
480 2891 589 2925 venit
608 2891 666 2925 in.

114 2947 130 2967 ⁵
178 2947 223 2982 In
241 2960 312 2983 ms.
332 2948 436 2995 prius
455 2949 641 2995 scriptum
658 2949 812 2985 fuerant
829 2951 873 2984 in
884 2949 983 2997 fine,
1003 2948 1107 2996 quod
1119 2948 1376 2984 cancellatum
1394 2952 1469 2982 est.
