1958 3210
637 167 681 204 27
708 158 971 194 SEPTEMBms
1001 156 1091 201 1564
1603 162 1672 200 517

44 283 211 328 nostro,
236 273 420 318 hauerei
443 275 578 316 charo
601 273 647 314 d’
676 285 826 316 essere
854 270 884 313 il
913 270 1054 326 primo
1083 271 1166 312 che
1189 284 1246 312 ne
1275 268 1436 322 vcisse‚
1460 268 1670 312 massime

39 352 267 410 leggendo
288 351 331 393 io
353 364 442 405 qua
463 365 552 392 vna
568 348 754 392 lettione
777 361 912 390 senza
928 345 1221 402 obligatione,
1241 346 1283 388 la
1300 346 1406 401 qual
1423 347 1570 388 anche
1587 360 1668 402 po-

46 431 200 475 trebbe
222 429 409 484 leggere
431 427 461 469 il
485 429 536 469 P.
560 425 866 469 Maximiliano
894 425 902 445 ¹
928 425 1012 467 che
1035 424 1079 466 fa
1095 424 1125 465 l'
1146 422 1296 465 ufficio
1314 422 1359 465 di
1383 429 1566 474 restore,
1588 437 1669 465 an-

41 506 236 551 chorche
254 519 342 546 non
366 504 430 547 sia
451 504 667 559 palesato‚
693 501 901 544 massime
929 501 1139 544 hauendo
1169 499 1211 541 io
1242 500 1352 543 letto
1381 500 1563 554 quando
1586 501 1670 541 ha-

42 596 159 627 ueuo
182 588 306 638 parte
329 581 401 624 del
423 595 506 623 suo
529 579 692 631 carico,
714 585 758 622 et
781 576 934 620 auanti
957 576 1000 619 di
1024 591 1095 620 me
1113 576 1142 617 il
1162 578 1214 618 Ρ.
1238 575 1490 629 Barcheli0‚
1512 583 1557 618 et
1575 576 1668 619 cosi

41 660 191 703 niente
214 657 466 702 necessaria
503 658 527 700 e
565 656 640 711 qui
664 656 706 698 la
735 654 823 696 mia
846 653 1085 709 presentia.
1119 652 1377 695 Parimente
1410 659 1528 695 tutto
1563 654 1668 707 quel

40 738 113 781 ch’
139 736 182 778 io
207 736 253 778 fo
277 742 321 778 et
349 748 481 790 posso
513 734 578 775 tar
607 747 710 787 qua,
738 732 911 774 altroue
935 731 1077 772 anche
1100 744 1185 772 con
1207 730 1248 771 la
1271 728 1417 784 gratia
1440 728 1484 770 di
1513 728 1600 772 Dio
1625 730 1668 772 lo

41 828 176 871 posso
199 811 242 854 io
266 812 358 855 fare
381 825 467 853 con
495 809 702 865 maggior
731 807 890 850 liberta
920 807 1022 859 mia,
1055 820 1183 849 come
1214 819 1362 861 spero,
1395 812 1439 847 et
1470 812 1666 849 conten—

34 876 178 934 vtezza.
206 890 269 931 La
291 888 422 938 onde,
448 900 497 929 se
520 901 603 942 pur
625 892 783 940 questo
807 883 867 925 mi
890 881 945 940 [e]
968 883 1100 925 lecito
1123 882 1167 923 di
1191 883 1299 933 fare,
1328 883 1506 938 (perche
1540 882 1662 925 altri-

38 973 188 1010 mente
210 964 361 1021 voglio
383 978 533 1008 essere
555 962 726 1004 irritata
753 968 798 1003 et
820 961 1049 1004 annullata
1076 960 1118 1001 la
1146 959 1233 1001 mia
1262 958 1479 1014 petitione
1508 966 1553 1002 et
1575 960 1662 1004 let-

37 1043 145 1098 tera>
168 1056 309 1098 prego
333 1056 356 1083 a
382 1042 438 1084 V.
461 1042 513 1083 R.
539 1038 693 1094 voglia
716 1052 794 1093 per
816 1051 888 1079 me
907 1036 1185 1079 intercedere
1208 1050 1390 1090 apresso
1419 1036 1492 1078 del
1518 1036 1664 1080 Padre

37 1126 188 1162 nostro
211 1120 294 1162 che
316 1133 388 1161 me
410 1116 577 1171 mandi,
604 1130 630 1158 o
653 1129 710 1158 en
733 1116 767 1157 F
771 1128 920 1164 ranza,
943 1113 1032 1155 oin
1051 1112 1346 1167 qualsivoglia
1364 1112 1476 1154 altro
1495 1113 1663 1154 luocho

37 1196 137 1239 fuor
159 1195 204 1238 di
226 1201 385 1251 questa
407 1192 657 1250 prouincia,
684 1206 731 1235 se
754 1205 837 1247 pur
860 1190 1060 1232 ritruoua
1082 1191 1166 1232 che
1189 1196 1349 1243 questo
1373 1189 1438 1230 far
1469 1188 1505 1230 si
1530 1203 1662 1243 possa

36 1287 120 1316 con
142 1272 292 1328 iguale
315 1271 458 1328 gloria
480 1270 524 1312 di
546 1269 649 1324 Dio,
675 1278 719 1313 et
743 1269 883 1310 frutto
906 1267 995 1309 mio
1024 1266 1269 1321 spirituale.
1304 1266 1405 1307 Non
1436 1266 1548 1307 altro
1583 1280 1661 1321 per

33 1350 208 1402 adesso,
234 1363 374 1391 senon
397 1349 482 1391 che
504 1360 645 1403 prego
667 1360 738 1388 me
755 1344 906 1401 voglia
923 1346 1090 1386 hauere
1109 1344 1166 1386 V.
1193 1343 1245 1384 R.
1269 1342 1334 1384 fra
1357 1341 1493 1396 quelli
1513 1343 1584 1384 ch'
1604 1343 1662 1385 ha

36 1426 139 1471 nelli
160 1425 258 1469 suoi
281 1424 486 1469 sacrificii
508 1431 554 1467 et
576 1422 767 1466 orationi
789 1419 1184 1464 raccommandati.
1207 1418 1264 1461 Di
1288 1420 1485 1473 Tomay,
1512 1418 1585 1461 alli
1606 1419 1662 1461 26

34 1502 228 1561 diJunio
258 1503 382 1556 1564.
409 1503 467 1544 D.
494 1502 552 1544 V.
579 1502 632 1543 R.
660 1499 706 1542 in
729 1501 813 1542 X.⁰
838 1512 971 1542 seruo
994 1497 1208 1552 indegno,

871 1577 1077 1618 HERMES
1102 1574 1422 1616 WINGHENIO.

119 1658 159 1698 A
186 1660 328 1712 tergo:
358 1656 386 1713 †
417 1656 476 1698 Al
507 1655 646 1697 molto
678 1655 790 1698 Rdo.
828 1653 873 1695 in
907 1651 1089 1695 Christo
1119 1651 1265 1694 Padre
1298 1649 1328 1691 il
1368 1652 1420 1692 P.
1464 1651 1661 1692 Maestro

33 1732 308 1789 Hieronymo
345 1733 521 1784 Natale‚
563 1730 869 1774 commissario
899 1729 1110 1786 generale
1153 1728 1269 1770 della
1301 1726 1583 1782 Compagnia
1615 1725 1659 1767 di

27 1811 151 1868 Jesu,
177 1809 221 1852 in
246 1812 403 1853 Roma.
430 1809 589 1866 sigilli
610 1809 870 1865 vestigizmz.

789 1949 908 1988 348

612 2050 851 2097 JOANNES
879 2036 1082 2084 SEY'DEL

290 2130 533 2172 PATRI
581 2127 1074 2172 HIERONYMO
1124 2126 1401 2168 NADAL

478 2227 678 2262 vffiNNAE,
707 2226 750 2261 27
777 2223 1035 2251 SEPTEMBRIS
1067 2215 1154 2258 1564
1181 2216 1208 2247 ⁹2.

33 2303 70 2330 Ι.
95 2296 219 2331 Suam
238 2298 290 2331 ad
308 2300 502 2332 montana
527 2296 772 2342 Hngariae
798 2293 1086 2341 expeditionem
1105 2293 1290 2326 enarrat.
1308 2299 1386 2324 -2.
1419 2289 1658 2335 Episcopum

102 2367 191 2390 eum
205 2356 395 2391 haeretici
407 2367 543 2391 creare
556 2355 816 2401 promittunt,
836 2354 871 2387 si
888 2353 941 2387 ad
959 2363 1096 2386 eorum
1116 2353 1248 2385 castra
1267 2349 1477 2384 convolare
1502 2348 1659 2382 velit.—

103 2425 136 2460 3.
163 2416 289 2450 Sacra
312 2416 541 2451 ministeria
564 2426 653 2450 cum
670 2413 817 2460 fructu
841 2415 1094 2455 e.›cercet.—-4.
1125 2409 1227 2444 Cum
1250 2409 1445 2443 haeretico
1464 2408 1658 2454 disputat:

102 2475 260 2522 collegii
277 2475 554 2521 penuria.—5.
583 2474 709 2508 Suam
740 2472 890 2519 agendi
915 2472 1111 2506 rationem
1131 2467 1397 2503 excusat.-6.
1427 2466 1656 2500 Michaelem

104 2533 196 2580 Spes
220 2534 363 2569 Natali
380 2534 643 2569 commendat.

826 2609 848 2642 ,Γ

799 2647 887 2688 Ihs.

124 2748 160 2778 Ι.
229 2738 322 2779 Pax
344 2735 514 2779 Christi
537 2743 622 2779 etc.
651 2736 850 2790 Tempus
872 2746 944 2775 me
973 2732 1204 2780 admonet,
1238 2725 1491 2771 obedientia
1513 2724 1655 2775 iubet,

30 2812 208 2856 occasio
224 2813 405 2857 demum
429 2813 605 2865 suadet,
632 2810 740 2855 R.de
762 2810 1003 2853 admodum
1025 2807 1070 2849 in
1094 2805 1274 2850 Christo
1299 2806 1448 2854 Pater,
1476 2809 1524 2844 ut
1546 2815 1662 2857 pau-

67 2969 69 2971 ·
101 2920 112 2941 ¹
162 2918 447 2954 Maximilianus
465 2930 487 2953 a
504 2918 678 2965 Capella.
698 2916 798 2951 Vide
817 2914 998 2962 append.,
1014 2914 1044 2948 I.

98 2980 111 2999 ‘-’
162 2979 219 3013 Ex
237 2979 488 3024 autographo,
511 2978 550 3013 in
571 2976 665 3013 Cod.
686 2986 736 3022 29
754 2976 813 3021 d),
833 2973 977 3021 duplici
996 2972 1079 3017 fol„
1099 2982 1134 3016 4,
1156 2979 1175 3016 5
1193 2969 1292 3014 (268,
1312 2968 1408 3013 269).
