1958 3210
757 156 976 190 APPEme
1607 171 1676 207 555

50 259 221 302 cerdos.
264 267 328 310 15.
372 256 456 299 Fui
490 256 535 298 in
568 256 758 312 collegio
792 271 974 298 romano
1009 272 1084 312 per
1116 266 1204 301 tres
1230 261 1321 304 fere
1350 275 1505 303 annos.
1539 261 1676 321 [Sclz.]

58 331 93 361 1.
126 315 239 359 Dedi
268 329 447 370 operam
477 314 632 367 literis,
664 322 767 357 ante
790 315 1044 370 ingressum
1074 318 1311 361 Societatis
1350 332 1398 373 13
1432 335 1589 374 annos,
1626 330 1676 364 ut

54 383 179 442 puto,
204 374 248 416 in
273 373 497 418 Societate
515 374 746 428 quinque..
759 374 830 415 ,6.
858 374 945 416 Hic
968 389 1065 416 sum
1090 386 1334 431 promotus,
1356 379 1496 434 primo
1515 379 1558 422 in
1578 395 1674 423 ma—

55 434 245 491 gistrum
268 433 446 484 artium,
467 432 657 476 deinde
647 447 692 473 1n
709 433 1049 475 baccalaureum
1067 435 1295 488 biblicum,
1317 452 1368 479 ac
1387 446 1611 492 postremo
1629 439 1674 482 in

55 493 394 536 baccalaureum
428 491 768 543 sententiarum,
805 499 853 532 ut
886 500 1062 534 vocant
1101 493 1266 552 [Mag]
1307 508 1342 538 1.
1380 498 1504 552 Lego
1537 497 1674 541 libros

55 551 302 596 ethicorum
327 550 434 593 artis
457 564 635 605 graece,
655 564 900 603 versorque
924 550 968 591 in
992 553 1266 605 professione
1284 569 1473 609 graecae
1492 556 1674 612 linguae

57 625 80 667 3
99 625 273 653 annos..
314 635 372 640 —-
393 608 616 651 Henricus
635 610 881 660 Arboreus,
904 624 1020 651 anno
1045 612 1167 663 1562
1183 611 1251 669 [IL
1274 614 1374 666 600,
1396 615 1497 665 612,
1519 615 1669 673 613]“.

148 682 182 712 Ι.
250 669 480 710 Hemwus
497 669 808 723 Dzmonyszus
819 669 1006 710 .Annos
1030 669 1206 712 circiter
1227 685 1298 724 44.
1328 686 1366 726 3.
1389 674 1670 730 Geldrensis,

53 742 316 783 neomagus,
343 726 561 770 dioecesis
584 701 886 768 6010111611616..
968 729 1131 770 Ε13111
1162 731 1456 774 canonicus...
1498 745 1562 775 12.
1589 711 1673 776 Fui

54 794 260 842 receptus
282 801 400 829 anno
430 796 539 839 1554
562 785 815 828 Coloniae⁰
844 800 919 839 per
938 750 1103 828 lRdum.
1132 790 1183 831 P.
1206 791 1504 842 Leonardum,
1527 793 1673 835 abillo

51 846 347 895 examinatus,
379 853 423 886 et
451 846 673 888 Rornae...
715 857 779 897 14.
813 845 923 887 Sum
953 847 1175 888 sacerdos.
1225 859 1289 901 15.
1332 850 1379 890 ln
1409 825 1668 894 coldniensi.

56 905 189 964 [Sclz.]
218 918 291 947 Ι...
319 904 436 947 Dedi
454 919 633 959 operam
652 903 973 959 philosophiae,
997 905 1186 957 politiori
1204 907 1459 950 literaturae
1482 917 1525 951 et
1544 912 1667 953 theo-

52 965 200 1020 logiae
223 965 278 1006 ab
300 963 482 1006 ineunte
506 970 667 1013 aetate,
693 969 738 1005 et
758 963 848 1003 fere
873 963 922 1004 16
940 971 1017 1004 aut
1036 964 1236 1018 pluribus
1254 969 1382 1008 annis
1400 968 1554 1009 vacavi
1573 984 1673 1011 mu—

53 1023 148 1067 neri
170 1022 490 1065 contionandi.
503 1023 579 1064 .6.
607 1022 717 1065 Sum
741 1021 945 1071 Colonie,
978 1021 1081 1065 licet
1110 1023 1345 1078 indignus,
1378 1034 1606 1080 promotus
1630 1028 1673 1070 in

48 1081 318 1126 d.octorem.
331 1056 591 1124 .Henricus
613 1080 872 1135 Dionysius,
900 1055 1068 1123 iriutilis
1091 1059 1478 1140 Societatithesu
1496 1100 1669 1129 seruus.

18 1171 21 1177 ·
57 1144 124 1198 Ul
153 1141 379 1198 587‚588]

148 1213 184 1243 Ι.
252 1202 403 1243 Vocor
426 1199 658 1241 Heam‘cus
680 1197 822 1240 Hoclz.
858 1210 896 1239 2.
932 1199 1075 1241 Natus
1107 1214 1205 1241 sum
1238 1216 1378 1243 annos
1409 1216 1478 1256 33,
1512 1211 1556 1245 et
1585 1219 1673 1259 ago

59 1274 177 1302 nunc
217 1272 286 1325 34.
321 1272 360 1313 3.
394 1260 504 1302 Sum
539 1258 784 1299 brabantus
814 1257 1173 1300 buscoduensis..
1186 1293 1193 1301 .
1233 1272 1297 1302 12.
1330 1262 1438 1304 Sum
1469 1271 1675 1317 receptus

54 1318 235 1362 Loreti
225 1333 271 1360 m
295 1317 449 1360 Italia
439 1332 483 1358 111
508 1317 597 1360 fine
621 1318 712 1360 fere
736 1315 840 1358 anni
865 1326 935 1369 57,
963 1318 1031 1358 iel
1055 1317 1170 1359 circa
1194 1318 1367 1360 initium
1392 1320 1494 1362 anni
1526 1323 1595 1374 58,
1631 1329 1675 1364 et

53 1385 160 1420 tunc
183 1377 231 1433 (s
221 1393 233 1419 1
263 1384 383 1420 recte
412 1375 607 1430 memini)
638 1390 727 1418 non
760 1374 822 1416 fui
852 1375 1185 1418 examinatus..
1226 1390 1290 1430 14.
1327 1379 1435 1421 Sum
1466 1382 1673 1424 sacerdos

52 1437 266 1490 indignus
290 1435 465 1478 factus
456 1451 501 1477 111
525 1434 751 1479 Societate
774 1434 991 1477 Viennae.
1032 1446 1097 1488 15.
1129 1435 1212 1477 Fui
1243 1437 1408 1488 Loreti,
1442 1440 1671 1491 Recanati,

53 1473 281 1550 For6liuij,
308 1494 485 1538 Veneti}
475 1510 526 1545 6,
553 1494 771 1543 Viennae,
799 1495 981 1544 Rornae,
1015 1495 1238 1546 Ameriae,
1266 1472 1473 1550 Louanij,
1501 1499 1669 1540 Torna

54 1555 109 1606 ci
137 1555 400 1608 Mooruntiae
424 1567 598 1595 nunc...
632 1565 698 1606 17.
724 1552 807 1595 Fui
831 1552 1049 1603 Viennae,
1077 1554 1281 1608 Louanij,
1315 1556 1505 1598 Tornaci
1528 1565 1571 1599 et
1603 1557 1674 1600 hic

55 1613 316 1669 Moguntiae
340 1614 594 1669 praefectus
621 1610 1002 1659 commensalium.
1041 1613 1251 1654 Foroliuii
1285 1614 1347 1655 fui
1376 1616 1674 1660 communiter

55 1687 206 1724 cocus,
247 1674 513 1715 hortulanus
541 1679 586 1714 et
613 1670 830 1715 inseruiui
859 1669 917 1712 ibi
950 1671 1084 1713 fabris
1116 1672 1322 1715 murariis
1353 1681 1398 1716 et
1427 1675 1665 1729 portarius.

54 1732 123 1790 [IL
149 1732 251 1789 617]
1177 1789 1184 1796 .

149 1804 183 1834 1.
250 1792 401 1834 Vocor
423 1791 631 1832 Hermes.
661 1801 699 1831 2.
728 1790 889 1831 Α111106
906 1796 1039 1832 natus
1056 1804 1154 1831 sum
1173 1805 1219 1831 111
1236 1791 1448 1844 Augusto
1466 1792 1673 1845 sequenti

57 1863 125 1905 32.
154 1864 193 1904 3.
220 1851 365 1893 Natus
387 1864 486 1891 sum
510 1848 720 1899 Tornaci,
746 1863 862 1902 quae
885 1848 1043 1890 ciuitas
1067 1856 1134 1891 est
1158 1849 1446 1892 Flandriae...
1482 1862 1521 1903 7.
1558 1852 1674 1894 Sunt

54 1909 161 1953 mihi
198 1911 287 1952 duo
326 1910 499 1959 fratres,
541 1908 652 1950 alter
688 1907 931 1950 canonicus
970 1907 1261 1959 tornacensis,
1308 1909 1419 1951 alter
1461 1909 1672 1951 minimus

52 1968 251 2011 omnium
289 1975 420 2019 natu;
448 1977 537 2009 tres
574 1981 751 2009 sorores
779 1966 1031 2021 religiosae,
1064 1982 1151 2009 vna
1178 1967 1265 2008 iarn
1293 1975 1447 2021 nupta,
1482 1976 1526 2010 et
1554 1969 1670 2012 duae

13 2076 18 2080 ,
52 2029 251 2070 nondum
275 2034 457 2082 nuptae,
484 2033 528 2068 et
552 2040 709 2068 omnes
731 2040 811 2081 pro
834 2040 914 2068 sua
939 2025 1195 2069 conditione
1219 2033 1461 2080 Vtcumque
1493 2027 1670 2070 diuites.

39 2088 309 2141 ‘Antequam
341 2085 613 2130 Societatem
643 2084 920 2140 ingrederer,
957 2084 1185 2127 studiosus
1212 2100 1348 2136 eram,
1384 2093 1428 2127 et
1460 2086 1504 2127 in
1537 2086 1675 2129 literis

55 2146 204 2188 statim
235 2145 289 2188 ab
318 2145 503 2187 ineunte
532 2151 679 2187 aetate
707 2151 927 2195 versatus,
969 2152 1013 2185 et
1051 2143 1297 2186 medicinae
1330 2152 1520 2198 quatuor
1549 2145 1675 2187 annis

57 2206 156 2260 plus
178 2204 342 2255 minus,
368 2204 405 2246 si
429 2218 519 2246 non
543 2204 685 2254 fallor,
711 2203 1028 2246 studueram...
1061 2215 1124 2245 12.
1152 2204 1199 2244 In
1229 2203 1434 2257 sequenti
1464 2205 1675 2259 Augusto

57 2271 159 2306 octo
182 2263 286 2306 anni
307 2270 440 2306 erunt
463 2277 566 2305 cum
589 2262 652 2304 fui
674 2262 716 2303 in
743 2261 1016 2306 Societatem
1039 2261 1274 2312 admissus,
1295 2261 1428 2316 idque
1446 2264 1613 2306 Romae
1631 2263 1675 2304 in

58 2323 244 2367 aedibus
282 2324 484 2374 Patruin,
526 2328 570 2365 et
610 2322 744 2365 credo
782 2335 853 2363 me
891 2320 1028 2363 fuisse
1065 2321 1421 2363 examinatum...
1464 2334 1529 2373 14.
1565 2323 1674 2365 Sum

57 2383 280 2425 sacerdos.
314 2394 329 2424 Ι
338 2392 378 2435 5.
406 2383 454 2423 In
476 2395 662 2423 romano
681 2387 725 2424 et
742 2382 827 2422 hoc
844 2379 1093 2423 viennensi.
1116 2381 1164 2421 In
1182 2379 1278 2421 aliis
1295 2379 1473 2431 quidem
1495 2380 1572 2431 fui,
1594 2381 1673 2423 sed

17 2495 21 2497 -
59 2455 147 2483 11011
170 2440 386 2483 habitaui.
414 2440 552 2497 [Sela]
587 2452 622 2482 Ι.
655 2440 845 2482 Duobus
875 2438 1003 2481 annis
1031 2438 1346 2493 philosophicis
1376 2438 1419 2479 in
1449 2439 1674 2482 Societate

59 2500 226 2552 studui3
259 2499 401 2542 tribus
434 2498 701 2554 theologicis
730 2506 774 2540 et
803 2497 1003 2549 dimidio,
1036 2498 1135 2552 plus
1162 2497 1326 2548 minus,
1358 2505 1461 2540 ante
1483 2499 1673 2553 gradum

58 2558 165 2601 mihi
207 2560 263 2602 ab
300 2558 556 2601 obedientia
597 2558 768 2600 datum.
815 2558 1073 2611 Antequam
1111 2563 1259 2600 autem
1298 2556 1567 2599 Societatem
1604 2556 1674 2598 in-

57 2619 285 2673 grederer,
311 2618 472 2672 partim
510 2617 751 2659 admodum
785 2615 829 2658 in
854 2615 1173 2671 philosophicis
1201 2621 1320 2657 eram
1345 2622 1564 2667 versatus,
1591 2630 1674 2659 nec

56 2690 176 2720 eram
214 2676 395 2720 omnino
432 2675 666 2732 imperitus
694 2675 923 2728 literarum
961 2673 1291 2726 humaniorum,
1336 2673 1588 2726 latinarum,
1630 2682 1675 2716 et

14 2864 17 2866 .
132 2833 140 2852 ¹
191 2832 261 2866 Est
279 2830 424 2872 ibidem
443 2829 546 2865 aliud
565 2840 728 2864 examen
747 2827 908 2863 Henrici
929 2826 1091 2861 Arborei
1106 2837 1206 2861 anno
1224 2826 1313 2871 1566
1330 2827 1529 2873 scriptum,
1546 2828 1583 2863 in
1597 2839 1675 2874 quo

58 2877 112 2912 ait
130 2883 208 2913 tres
227 2889 346 2913 annos
364 2877 404 2912 in
422 2876 587 2922 collegio
605 2875 897 2922 ingolstadiensi
917 2886 958 2908 se
973 2873 1132 2909 fecisse.

129 2928 143 2946 Ξ
194 2925 309 2972 Apud
328 2926 567 2966 DELPLAcE‚
586 2925 658 2959 106.
678 2923 748 2958 cit
761 2950 769 2968 ,
787 2923 846 2968 4³¹⁶,
865 2921 1005 2957 dicitur
1025 2920 1198 2956 «admis'
1186 2933 1207 2955 a
1224 2921 1397 2956 Louvain
1417 2933 1464 2956 en
1487 2930 1616 2966 1552».
