1958 3210
811 191 1030 227 APPEme
1657 192 1727 238 657

104 302 293 344 gnosco,
320 295 364 332 et
386 304 476 332 non
499 303 740 345 cognosco,
766 291 826 333 mi
848 293 1116 335 racomando
1133 292 1178 335 di
1201 307 1319 336 core.
1345 292 1404 336 Di
1427 292 1626 348 Leopoli,
1652 293 1711 335 all

112 348 161 390 18
184 348 228 389 d’
254 348 450 391 Ottubre
477 350 602 402 1564.

191 408 259 449 De
283 408 338 450 V.
366 408 418 449 Ρ.
446 409 557 449 Rda.
583 408 788 464 figliuolo
812 408 857 451 in
881 408 1078 462 Christo,

795 469 842 511 11,
876 481 1092 511 VEscooo
1126 469 1484 512 COMMENDONE.

87 561 96 570 ,
191 523 430 579 Inscriptio
455 526 502 565 in
526 528 690 579 quarta
713 527 910 582 pagina:
933 528 992 569 Al
1019 528 1157 569 molto
1182 528 1295 570 Rdo,
1329 530 1380 570 Ρ.
1410 530 1470 570 M.
1507 527 1725 586 [Jaco]mo

100 581 281 634 Lainez,
306 582 532 637 preposito
557 586 767 639 generale
790 586 906 628 della
929 586 1211 642 Compagnia
1233 586 1278 628 'di
1308 587 1425 630 Iesu.

852 752 973 794 XLII

589 850 634 884 B.
677 850 910 886 PETRUS
944 850 1233 887 CANISIUS

643 953 781 982 PATRI
805 953 984 992 JACOBO
1009 954 1183 983 LAINEZ

1312 1030 1319 1048 1

481 1027 743 1082 Augustae,
785 1043 811 1085 9
849 1028 1113 1072 Decembris
1157 1029 1266 1082 1564
1330 1063 1337 1070 .

186 1115 331 1168 Saepe
353 1115 549 1170 cogitavi
571 1116 855 1170 profuturum
877 1131 976 1160 esse
1000 1116 1255 1171 provinciae
1277 1123 1478 1168 nostrae,
1511 1131 1562 1158 ac
1585 1116 1724 1171 pluri-

96 1173 182 1214 bus
207 1174 394 1216 fortasse
417 1173 528 1225 aliis,
555 1174 591 1216 si
615 1176 667 1217 R.
696 1177 748 1217 Ρ.
781 1177 834 1217 T.
867 1175 1064 1219 mitteret
1092 1178 1145 1218 R.
1180 1178 1233 1218 P.
1265 1176 1494 1227 Natalem,
1528 1183 1605 1218 aut
1627 1176 1724 1230 ejus

96 1231 196 1273 loco
218 1232 354 1274 alium
379 1232 732 1276 commissarium
756 1235 1027 1288 generalem,
1055 1242 1235 1289 propter
1256 1234 1401 1276 varias
1426 1235 1523 1289 ejus
1548 1234 1611 1278 rei
1636 1234 1723 1276 uti-

96 1290 259 1343 litates,
285 1305 396 1345 quas
418 1306 506 1333 non
531 1292 712 1347 ignorat
740 1294 1003 1336 Reverenda
1032 1293 1285 1337 Paternitas
1316 1295 1436 1344 Tua,
1471 1293 1601 1347 cujus
1624 1293 1723 1348 qui-

94 1350 197 1391 dem
230 1350 458 1392 sacrificiis
490 1365 541 1393 ac
574 1351 782 1406 precibus
814 1352 1007 1394 Domino
1041 1352 1267 1407 cupimus,
1309 1352 1571 1407 praesertim
1605 1352 1724 1394 circa

93 1408 263 1451 Christi
287 1409 454 1452 domini
477 1411 688 1462 natalem,
715 1411 843 1454 valde
866 1411 1186 1454 commendari.

838 1572 980 1614 XLIII

424 1671 704 1716 QUINQUE
738 1670 1155 1708 IMPERATORIS
1189 1671 1394 1705 FILIAE

632 1762 771 1791 PATRI
805 1762 985 1802 JACOBO
1018 1759 1193 1792 LAINEZ

496 1837 689 1889 Merani,
737 1839 788 1880 16
825 1837 1090 1880 Decembris
1134 1838 1244 1892 1564
1281 1838 1314 1879 ⁶².

255 1925 311 1960 Ne
330 1937 355 1960 a
374 1926 565 1960 Patribus
585 1926 723 1961 Dirsio
741 1929 777 1961 et
794 1926 1018 1972 Halpawer
1035 1927 1274 1961 deserantur
1298 1925 1551 1972 efflagitant.

133 2046 139 2051 ,
184 2003 452 2046 Venerande
475 2002 520 2044 in
549 2003 729 2046 Christo
757 2003 954 2056 domine,
979 2017 1244 2058 praecamur
1267 2004 1392 2045 Tuae
1415 2000 1723 2044 Dominationi

90 2069 138 2105 et
160 2061 240 2103 toti
264 2061 477 2105 Societati
495 2062 686 2118 gratiam
703 2069 945 2105 aeternam.
967 2064 1070 2105 Non
1088 2062 1347 2118 dubitamus
1365 2061 1474 2115 quin
1492 2060 1604 2102 sciat
1622 2062 1722 2102 Do-

93 2120 278 2162 minatio
300 2122 398 2163 Tua
419 2135 502 2163 nos
523 2121 660 2176 pestis
683 2128 883 2177 tempore
906 2121 1164 2177 Oeniponto
1189 2121 1377 2176 fugisse,
1404 2127 1449 2164 et
1472 2120 1585 2161 duos
1610 2118 1721 2173 (exi—

91 2179 307 2235 gentibus
331 2180 477 2222 causis
501 2180 765 2224 necessariis
787 2195 838 2223 ac
861 2180 1093 2236 grauibus)
1117 2195 1172 2222 ex
1195 2179 1422 2224 Societate
1444 2177 1624 2233 collegii
1642 2192 1721 2220 oe-

93 2238 325 2293 nipontani
348 2253 587 2294 germanos
609 2239 947 2282 concionatores
969 2247 1014 2283 et
1037 2238 1334 2282 confessarios
1356 2237 1598 2280 abduxisse
1617 2250 1721 2278 cum

90 2297 207 2340 serio
229 2299 440 2340 mandato
463 2305 507 2340 et
530 2298 696 2341 iudicio
719 2298 886 2341 domini
914 2300 1062 2341 locum
1092 2298 1288 2342 tenentis
1317 2304 1453 2352 atque
1476 2295 1614 2338 totius
1639 2309 1721 2337 au·-

89 2356 240 2398 striaci
259 2356 504 2412 regiminis,
531 2357 760 2399 dominum
783 2365 1003 2401 rectorem
1021 2359 1241 2414 Joannem
1269 2356 1482 2406 Dirsium,
1505 2368 1555 2396 ac
1574 2354 1720 2396 domi—

90 2429 196 2457 num
221 2417 499 2468 Hermetem,
524 2416 600 2470 qui
623 2417 752 2459 nobis
774 2425 819 2459 et
842 2416 923 2459 toti
946 2417 1089 2468 aulae,
1115 2430 1205 2458 non
1235 2416 1380 2457 solum
1403 2413 1718 2456 concionando

49 2476 51 2478 ’
89 2488 140 2516 ac
162 2474 468 2517 confessiones
497 2475 736 2527 audiendo,
762 2476 841 2519 sed
870 2475 1004 2519 etiam
1035 2475 1081 2517 in
1111 2475 1263 2517 multis
1292 2474 1389 2516 aliis
1418 2471 1614 2528 negotiis
1637 2486 1720 2514 ne-

105 2628 111 2635 '
160 2631 168 2649 ¹
220 2629 277 2662 Ex
307 2630 525 2675 apographo
555 2629 701 2664 recenti
732 2641 808 2664 non
842 2635 1020 2665 accurate
1055 2628 1181 2675 facto,
1218 2629 1257 2663 in
1292 2628 1424 2675 Epist.
1470 2625 1648 2668 canisii,
1685 2625 1718 2668 Ι,

39 2716 42 2718 ,
91 2682 154 2718 147
175 2679 227 2702 ter
246 2676 361 2720 (299)-
986 2724 993 2730 ‚
1099 2724 1105 2730 ,
1466 2721 1472 2727 ,
1503 2719 1511 2726 ‚

155 2725 168 2743 2¹
219 2723 277 2756 Ex
300 2728 542 2769 transumpto
569 2733 727 2769 CoaeVO,
752 2724 912 2758 Romam
944 2735 1075 2765 misso,
1096 2735 1133 2758 m
1158 2722 1256 2757 Cod.
1286 2731 1347 2766 39,
1367 2721 1512 2766 dup11c1
1539 2720 1630 2762 fol„
1655 2727 1721 2764 194

85 2769 180 2812 (278,
216 2772 312 2814 279),
345 2771 388 2804 In
417 2771 575 2816 antiquo
600 2770 810 2816 tabulario,
837 2771 887 2814 C,
913 2770 1067 2814 XX·38;
1096 2770 1203 2810 item,
1236 2770 1386 2813 XX-27.
1420 2770 1462 2803 In
1483 2778 1635 2802 summa
1655 2777 1721 2800 ora

87 2815 229 2859 primae
248 2817 411 2862 paginae
429 2818 628 2864 responsio
646 2819 740 2852 haec
759 2818 883 2852 Patris
906 2818 1115 2863 generalis,
1136 2816 1292 2851 Polanci
1321 2828 1437 2850 manu
1464 2819 1635 2858 exarata,
1655 2814 1720 2847 ha-

85 2862 215 2897 betur:
238 2865 420 2900 Scriuere
446 2866 715 2900 rimittendosi
733 2866 774 2899 al
800 2864 962 2900 Canisio
986 2867 1050 2900 che
1075 2866 1106 2899 li
1125 2865 1309 2911 parlem,
1330 2867 1365 2899 et
1384 2864 1448 2898 che
1467 2862 1720 2897 desideramo

83 2911 264 2953 seruirle,
286 2914 322 2946 et
339 2912 381 2946 al
402 2912 564 2947 Canisio
581 2913 646 2947 clze
666 2913 697 2946 li
715 2913 805 2947 dica
823 2924 928 2947 come
946 2924 1024 2947 non
1044 2913 1075 2947 li
1098 2912 1286 2947 conuiene
1305 2912 1368 2946 che
1396 2911 1528 2946 stiano
1553 2908 1593 2943 ἰὰ
1613 2907 1704 2953 quel

86 2955 128 2998 li,
149 2960 218 2992 etc.
239 2958 338 2993 Vide
358 2958 475 3005 epist.
501 2958 584 3004 345,
604 2971 646 2994 n.
672 2968 709 3004 5.
