1958 3210
783 160 1002 198 APPENDIX
1635 152 1705 192 613

864 338 906 381 X

576 433 619 468 P.
641 431 969 469 FRANCISCUS
990 430 1192 468 COSTER

547 531 687 562 PATRI
738 529 1033 560 SEBASTIANO
1083 528 1231 559 ROMEI

646 610 802 655 collegii
820 610 965 645 romani
984 609 1125 645 rectori

462 694 698 747 Coloniae,
746 708 794 748 13
832 693 1097 754 Decembris
1142 693 1249 747 1562
1290 694 1316 735 ¹.

71 786 241 822 Fructus
258 796 304 820 ex
317 783 478 819 Natalis
492 783 734 824 visitatione,
753 783 794 817 in
813 783 978 829 collegio
992 782 1207 817 coloniensi
1222 783 1408 817 recenset:
1422 783 1571 816 statum
1591 781 1705 817 illins

699 843 859 889 collegii
877 842 1079 877 describit.

162 924 332 966 Doctor
355 923 571 965 Costerus
594 920 650 964 ad
678 927 899 964 rectorem
929 919 1107 975 collegii
1137 918 1308 962 romani
1331 919 1403 962 die
1432 931 1480 973 13
1510 920 1704 962 Decem-

47 1004 52 1010 «
75 982 167 1024 bris
189 997 260 1025 an.
289 982 363 1024 62.
397 982 631 1036 Quantum
654 981 709 1022 ad
732 986 935 1022 nostrum
959 978 1199 1034 collegium
1230 978 1390 1022 attinet
1416 980 1527 1022 haec
1550 978 1705 1034 paucis

77 1041 244 1097 accipe.
276 1043 485 1084 Fratrum
513 1054 767 1091 numerum,
794 1039 870 1094 qui
901 1038 1120 1082 Coloniae
1142 1037 1366 1089 habitant,
1402 1052 1543 1092 usque
1565 1039 1621 1080 ad
1645 1048 1700 1091 57

77 1101 352 1153 excrevisse;
382 1100 498 1142 inter
527 1113 640 1155 quos
668 1099 819 1141 nullus
846 1105 930 1150 est,
963 1097 1038 1153 qui
1068 1113 1158 1140 non
1180 1097 1265 1140 Dei
1293 1097 1513 1140 beneficio
1536 1096 1705 1152 optime

78 1176 127 1204 se
149 1167 292 1216 gerat.
320 1161 392 1212 Et,
418 1166 468 1202 ut
490 1159 535 1201 in
558 1158 750 1215 gratiam
779 1157 1103 1201 coloniensium
1127 1157 1329 1208 fratrum,
1356 1156 1432 1211 qui
1456 1156 1555 1199 istic
1578 1163 1701 1208 sunt,

78 1219 364 1276 particularia
391 1218 636 1274 attingam,
667 1217 812 1269 multi,
845 1217 921 1272 qui
950 1218 1006 1259 ob
1036 1223 1271 1272 parentum
1301 1230 1484 1259 suorum
1514 1230 1707 1259 consen-

77 1294 194 1332 sum,
222 1293 356 1334 quem
373 1279 574 1321 nondum
594 1277 900 1330 obtinuerant,
922 1277 1047 1318 uelut
1064 1275 1236 1318 externi
1253 1275 1326 1318 hic
1344 1276 1556 1331 agebant,
1583 1289 1705 1317 nunc

77 1339 215 1382 etiarn
237 1338 394 1381 habitu
413 1337 655 1382 Societatis
671 1343 877 1388 utuntur,
898 1337 1020 1379 velut
1043 1342 1110 1378 651
1134 1336 1366 1377 Arnoldus
1390 1334 1589 1386 Bemius,
1611 1334 1703 1390 qui,

80 1398 209 1442 factis
231 1397 425 1440 maximo
450 1398 599 1440 fructu
622 1396 928 1452 spiritualibus
951 1394 1192 1447 exercitiis,
1217 1394 1263 1436 in
1285 1395 1384 1436 loco
1407 1395 1462 1436 ad
1484 1394 1529 1436 id
1552 1401 1707 1449 parato

77 1464 227 1501 vestes
246 1458 383 1500 habet
410 1456 669 1501 Societatis:
703 1455 832 1498 cuius
862 1462 1002 1510 pater,
1039 1469 1141 1497 611111
1170 1456 1259 1496 11116
1289 1453 1505 1505 1161115561,
1532 1460 1576 1496 61
1604 1467 1707 1495 611111

77 1517 124 1560 111
146 1532 267 1560 110110
289 1516 447 1560 habitu
474 1516 675 1567 vidisset,
703 1522 846 1558 totum
876 1514 1022 1570 ipsum
1052 1513 1268 1558 Societati
1291 1512 1429 1557 dedit.
1458 1514 1579 1556 Idem
1602 1513 1723 1555 cunr

73 1579 248 1635 Joanne
269 1578 507 1621 Zantheno
535 1582 580 1618 et
608 1574 786 1619 Siberto
817 1576 1096 1617 Brunchorst
1117 1579 1275 1623 ,36111111
1306 1579 1390 1626 651,
1417 1572 1491 1627 qui
1514 1571 1708 1614 maxima

81 1636 332 1679 animorum
363 1649 547 1678 suorum
577 1634 882 1677 consolatione
907 1633 1110 1676 uestibus
1138 1632 1392 1685 Societatis,
1419 1631 1548 1674 factis
1578 1646 1708 1675 exer—

81 1695 213 1748 citiis,
236 1702 440 1738 utuntur.
463 1694 789 1737 Exercitiorum
808 1693 1066 1736 cubiculum
1084 1706 1280 1735 uacuum
1298 1706 1388 1734 non
1405 1698 1473 1734 est
1492 1705 1706 1745 unquam.

82 1756 262 1799 Fratres
298 1769 455 1798 omnes
492 1753 706 1810 paulatim
739 1768 791 1797 ea
820 1752 1006 1804 faciunt,
1038 1759 1084 1795 et
1111 1751 1355 1794 maximum
1383 1750 1637 1806 experimur
1665 1750 1710 1792 in

82 1814 167 1857 illis
190 1816 402 1857 fructum.
418 1815 673 1869 ¹Nunquam
697 1812 816 1856 enirn
843 1811 935 1854 vidi
964 1811 1205 1867 collegium
1226 1813 1312 1854 1106
1334 1810 1495 1853 111611115
1525 1824 1710 1865 compo-

81 1874 233 1927 situm,
259 1888 395 1928 quam
423 1873 480 1916 sit
507 1874 660 1916 modo:
692 1871 959 1916 benedictus
987 1873 1127 1914 Deus.
1160 1872 1203 1913 A
1233 1870 1433 1913 discessu
1457 1871 1510 1912 R.
1545 1871 1596 1912 P.
1623 1870 1711 1913 Na-

81 1933 197 1987 talis,
222 1933 298 1988 qui
321 1934 377 1976 ad
399 1939 489 1977 tres
512 1931 785 1989 septimanas
813 1931 1068 1974 institutum
1092 1929 1329 1974 8061613115
1351 1928 1561 1972 omnibus
1583 1928 1712 1971 nobis

80 1992 304 2048 exposuit,
337 1999 460 2035 tanta
497 1999 566 2035 est
604 1993 720 2034 facta
758 1991 964 2043 mutatio,
998 1997 1048 2032 ut
1086 1989 1206 2032 aliud
1243 1988 1485 2045 collegium
1523 1987 1708 2040 diceret,

81 2055 158 2107 qui
185 2067 241 2095 ex
269 2052 434 2095 nostris
461 2053 550 2094 huc
578 2051 760 2094 aliunde
789 2050 968 2095 rediret.
1011 2051 1233 2105 Tempore
1262 2047 1552 2092 recreationis
1589 2062 1710 2090 nun—

81 2126 215 2166 quam
242 2111 347 2154 licet
376 2126 509 2167 quarn
538 2112 594 2153 de
623 2111 676 2153 iis
706 2110 844 2165 loqui,
877 2124 1009 2165 quae,
1041 2124 1143 2151 cum
1173 2108 1263 2150 sint
1291 2108 1504 2159 iucunda,
1537 2108 1593 2149 ad
1621 2106 1708 2162 spi-

82 2171 290 2215 ritualem
328 2170 684 2214 aedificationem
724 2169 903 2212 faciant.
937 2167 1159 2211 Censores
1197 2175 1242 2210 et
1270 2166 1596 2217 admonitores,
1638 2166 1714 2221 qui

83 2230 218 2274 etiarn
242 2230 363 2286 ipsos
392 2229 661 2286 superiores,
688 2228 724 2272 si
749 2230 862 2273 forte
885 2234 1089 2284 peccent,
1114 2228 1401 2278 admoneant,
1427 2225 1714 2268 constituun—

85 2297 173 2332 tur.
199 2291 265 2333 Ita
287 2290 456 2332 factum
480 2296 563 2341 est,
590 2296 640 2331 ut
662 2288 822 2344 partim
845 2303 922 2344 per
945 2287 1192 2343 spiritualia
1208 2285 1436 2337 exercitia,
1457 2284 1618 2341 partim
1637 2299 1715 2340 per

86 2349 308 2404 colloquia
330 2351 441 2393 haec
464 2348 536 2404 pia
558 2355 603 2390 61
626 2348 711 2391 3113
728 2348 948 2403 quaedam
966 2346 1127 2398 media,
1149 2345 1313 2401 quibus
1338 2346 1496 2387 fratres
1518 2360 1544 2387 a
1567 2343 1715 2387 Patri-

86 2409 173 2451 bus
195 2408 241 2451 in
266 2408 413 2451 officio
437 2407 742 2461 continentur,
767 2421 914 2450 nouus
937 2405 1120 2462 spiritus
1145 2405 1351 2449 uideatur
1372 2403 1418 2446 in
1440 2418 1596 2447 omnes
1617 2403 1717 2446 illa-

85 2483 213 2524 psus.
242 2467 427 2511 Externi
444 2467 634 2510 studiosi
651 2473 696 2509 et
713 2466 1013 2519 conuictores,
1035 2479 1225 2520 quorum
1243 2478 1457 2507 numerus
1474 2462 1711 2515 maximus,

85 2534 342 2570 nostrorum
367 2526 569 2569 moribus
591 2526 752 2569 mirum
775 2525 820 2569 in
842 2526 1027 2568 modum
1051 2525 1107 2566 ad
1124 2524 1335 2580 pietatem
1353 2529 1710 2566 commouentur.

82 2587 328 2642 Nunquam
360 2587 435 2630 uel
467 2587 618 2641 plures
646 2585 720 2627 hic
750 2586 933 2628 fuerunt
961 2584 1189 2639 discipuli,
1225 2584 1298 2626 uel
1326 2582 1545 2624 meliores.
1579 2582 1711 2633 Sunt,

81 2647 233 2697 credo,
260 2646 440 2689 circiter
469 2658 535 2697 12,
562 2645 638 2701 qui
661 2651 710 2687 ut
732 2644 1004 2700 recipiantur
1028 2644 1072 2685 in
1105 2642 1375 2687 Societatem
1406 2641 1589 2684 instant.
1615 2642 1714 2683 Ho-

151 2812 162 2832 ¹
217 2813 274 2847 Ex
292 2813 513 2858 apographo
531 2822 689 2854 coaevo,
709 2822 824 2845 manu
843 2811 889 2845 P.
922 2810 1082 2856 Joannis
1107 2809 1237 2844 Rhetii
1257 2813 1431 2853 exarato,
1463 2807 1501 2842 in
1533 2806 1626 2842 Cod.
1658 2815 1714 2851 37,

83 2859 148 2895 fol.
172 2868 238 2904 140
256 2860 345 2902 (28).
365 2859 465 2895 Vide
484 2860 598 2905 epist.
619 2869 687 2903 209
706 2867 745 2893 et
764 2859 1033 2893 annotationes
1054 2858 1106 2892 ibi
1133 2858 1292 2904 positas.
1322 2857 1368 2890 P.
1388 2855 1617 2890 Franciscus
1643 2854 1717 2889 Co-

83 2910 174 2942 ster'
193 2908 349 2943 lectoris
377 2907 597 2953 theologiae
629 2912 667 2942 61
696 2906 929 2941 11ον1110111111
957 2904 1131 2949 magistri
1162 2904 1388 2942 muneribus
1416 2901 1601 2942 Coloniae
1630 2901 1716 2938 fun-

84 2956 263 3003 gebatur.
284 2955 379 3005 EJ'us
398 2967 562 2994 examen
581 2956 701 2992 habes
720 2966 850 3003 supra,
870 2953 1054 3002 append„
1074 2953 1103 2991 Ι.
