1958 3210
736 138 956 175 APPENDIX
1588 139 1633 174 62
1642 148 1655 174 1

30 239 238 297 pertiant3
264 247 309 284 et
332 247 481 285 tamen
503 241 553 283 fit
577 241 685 293 fere,
712 248 760 283 ut
777 240 923 285 obiter
939 240 1119 296 aliquod
1136 239 1434 284 ministerium
1453 239 1658 284 Societa-

32 300 88 342 tis
118 299 242 342 obire
270 299 458 356 possint;
493 300 614 355 quod
642 315 745 342 cum
775 299 967 351 faciunt,
998 302 1292 344 uehementer
1321 306 1513 343 caueant
1535 314 1592 342 ne
1615 299 1659 340 id

32 359 110 401 fiat
132 372 236 401 cum
258 357 429 401 iactura
446 358 741 402 solicitudinis
760 360 833 401 uel
849 373 1026 415 operae,
1048 374 1182 415 quam
1200 373 1284 402 suo
1302 358 1448 401 officio
1466 359 1650 401 debent.

761 520 867 562 XIV
902 520 939 575 (c

530 612 832 650 AMBROSIUS
861 612 1160 649 SANCTINUS

457 709 643 739 NOMINE
677 709 911 739 RECTORIS
947 709 1232 739 VIENNENSIS

421 784 743 836 Vindobonae,
780 796 834 838 27
870 784 1037 839 Aprilis
1075 784 1183 838 1563
1222 786 1254 825 ¹.

96 873 268 908 Litterae
286 873 599 918 quadrimestres
617 873 663 908 de
682 873 796 908 rebus
814 885 839 907 a
859 874 908 907 Ρ.
928 872 1071 907 Natali
1099 873 1349 907 Vindobonae
1364 874 1503 920 gasak,
1523 876 1592 911 etc.

125 949 358 994 ...Placuit
387 956 537 992 tamen
565 949 745 993 diuinae
775 949 999 993 Maiestati
1022 948 1264 1004 collegium
1288 963 1421 991 suum
1446 949 1664 1005 singulari

1 1054 4 1058 ,
34 1010 200 1066 pietate
222 1022 510 1061 conseruare,
536 1022 587 1051 ac
610 1023 663 1052 eo
692 1007 790 1063 ipso
813 1016 1013 1064 tempore
1044 1010 1100 1050 R.
1136 1010 1191 1050 P.
1223 1008 1430 1050 Natalem
1460 1023 1660 1061 mouere,

35 1076 85 1111 ut
107 1068 144 1112 is
165 1082 255 1111 non
277 1067 426 1110 minus
447 1068 745 1111 necessariam
768 1082 902 1122 quam
926 1074 1195 1122 oportunam
1226 1068 1465 1121 quamdam
1497 1067 1666 1110 instru-

35 1128 230 1172 ctionem
252 1126 543 1178 describeret,
569 1141 621 1169 ac
644 1126 774 1168 nobis
797 1126 916 1168 illam
939 1125 1308 1178 communicaret,
1335 1140 1450 1181 quae
1472 1141 1525 1169 eo
1550 1133 1665 1169 tem—

36 1202 144 1243 pore
164 1186 479 1242 percommode
501 1187 838 1228 obseruaretur.
872 1187 928 1227 Et
951 1186 1074 1239 quod
1091 1200 1172 1227 nos
1195 1185 1457 1228 duriuscule
1475 1186 1667 1229 fortasse

37 1247 322 1290 tentabamus
343 1244 645 1300 asperioribus
668 1244 973 1300 poenitentiis,
1000 1243 1301 1288 crebrioribus
1322 1244 1514 1300 flagellis
1536 1252 1581 1288 et
1603 1245 1667 1288 ie—

34 1305 184 1358 iuniis;
206 1306 291 1347 hoc
309 1311 458 1348 tamen
477 1304 773 1346 Reuerendus
794 1306 844 1346 P.
866 1303 1040 1346 Natalis
1056 1304 1302 1358 prudenter
1324 1303 1595 1355 immutauit,
1617 1318 1668 1346 ac

35 1378 193 1408 eorum
211 1364 327 1415 loco,
348 1363 469 1418 quod
491 1362 796 1407 necessarium
820 1369 864 1406 et
887 1362 996 1405 utile
1018 1362 1163 1417 magis
1187 1362 1286 1414 fuit,
1308 1363 1491 1405 modurn
1511 1362 1666 1405 melio—

35 1438 128 1466 rem
150 1421 436 1479 praescripsit
458 1436 510 1464 ac
532 1422 672 1473 dedit,
698 1421 775 1477 qui
799 1436 853 1465 eo
876 1422 1109 1477 spectabat
1127 1428 1249 1464 totus
1267 1428 1316 1463 ut
1336 1422 1496 1465 fratres
1514 1421 1559 1463 in
1577 1437 1669 1464 ma-

35 1483 128 1525 iore
149 1481 390 1525 deuotione
413 1481 767 1533 continerentur,
794 1480 1074 1535 frequentius
1096 1486 1297 1532 orarent,
1326 1480 1396 1522 bis
1419 1481 1463 1522 in
1495 1481 1669 1524 hebdo—

36 1542 168 1584 mada
189 1541 512 1584 confiterentur
534 1547 579 1584 et
601 1540 1003 1591 communicarent,
1040 1539 1242 1582 crebrius
1265 1546 1517 1591 canta-rent,
1544 1547 1588 1582 et
1621 1554 1670 1583 se

37 1603 228 1645 honeste
250 1614 301 1643 ac
324 1599 606 1654 frequentius
627 1599 758 1642 solito
787 1605 1041 1643 recrearent
1055 1615 1074 1651 :⁴
1096 1599 1217 1652 quod
1246 1597 1428 1653 quidem
1453 1606 1561 1641 tunc
1584 1598 1669 1640 im-

39 1659 194 1716 primis
215 1659 519 1702 necessarium
543 1658 648 1710 fuit,
674 1658 795 1713 quod
823 1659 1061 1714 plerosque
1083 1672 1249 1713 magna
1278 1671 1330 1699 ac
1359 1657 1553 1700 difficilis
1574 1673 1669 1701 me—

39 1718 261 1762 lancholia
299 1717 534 1761 timoribus
562 1717 788 1760 continuis
817 1717 950 1759 mista
982 1716 1203 1773 affligeret
1231 1716 1442 1772 grauius,
1477 1731 1528 1758 ac
1556 1730 1669 1771 pene

39 1779 264 1821 obrueret:
291 1777 367 1833 qui
390 1776 676 1820 alleuamenti
698 1791 789 1819 non
810 1791 967 1832 parum
991 1777 1047 1819 de
1069 1775 1236 1831 optima
1265 1775 1339 1817 illa
1369 1775 1669 1818 instructione

39 1852 142 1880 mox
164 1843 450 1892 acceperunt,
483 1850 534 1879 ac
562 1836 725 1880 deinde
753 1835 967 1891 paulatim
996 1842 1309 1891 praeterquam
1334 1835 1454 1888 quod
1487 1834 1669 1877 timores

39 1902 295 1952 comparata
316 1895 484 1939 laetitia
506 1895 813 1951 abigerentur,
838 1895 1038 1951 pericula
1059 1894 1193 1937 etiam
1211 1893 1455 1945 euasimus,
1477 1908 1528 1936 ac
1552 1893 1669 1937 inte-

38 1955 108 2012 gri
130 1957 274 1998 donec
294 1954 434 2011 pestis
451 1954 633 1997 omnino
650 1954 888 2010 expiraret,
910 1969 935 1996 a
950 1956 1049 1997 Deo
1065 1955 1154 2008 Op.
1176 1955 1296 1996 Max.
1318 1953 1573 1995 conseruati
1591 1967 1668 1995 su-

37 2029 190 2058 mus...
215 2013 351 2057 Venit
373 2015 430 2057 ad
452 2028 534 2056 nos
557 2015 738 2056 tandem
762 2015 815 2056 R.
845 2015 896 2056 P.
923 2012 1271 2064 commissarius,
1297 2012 1427 2054 cuius
1445 2013 1669 2055 aduentus

39 2088 193 2117 omnes
216 2073 262 2115 in
284 2073 480 2116 Domino
504 2072 690 2117 mirifice
713 2072 948 2116 recreauit.
976 2073 1056 2114 Est
1074 2071 1146 2113 hic
1170 2073 1321 2123 Pater,
1343 2079 1392 2113 ut
1415 2085 1572 2113 reuera
1589 2072 1667 2113 ad—

39 2133 270 2176 mirandus
292 2147 344 2175 ac
367 2133 660 2184 reuerendus,
692 2131 754 2174 ita
782 2146 962 2186 quoque
984 2130 1193 2173 omnibus
1215 2131 1378 2173 charus
1401 2144 1453 2172 ac
1482 2137 1660 2184 gratus.

40 2191 235 2236 Vocauit
263 2191 319 2235 ad
356 2206 404 2234 se
435 2206 538 2234 mox
571 2205 955 2246 unumquemque,
996 2188 1271 2232 examinauit
1307 2189 1577 2239 accuratius,
1619 2203 1670 2230 ac

43 2251 251 2318 cuiquam
283 2257 552 2306 potestatem
582 2250 709 2301 fecit,
741 2257 791 2291 ut
820 2264 935 2304 quae
964 2250 1099 2292 uellet
1127 2247 1353 2291 liberrime
1381 2255 1666 2313 proponeret:

43 2311 241 2353 omnium
265 2324 316 2352 ac
339 2309 621 2365 singulorum
645 2309 831 2360 animos,
857 2309 975 2351 dona
998 2314 1042 2352 et
1065 2306 1377 2349 inclinationes
1398 2306 1666 2362 perspectis

43 2369 177 2413 simas
200 2368 284 2411 sibi
306 2368 470 2412 effecit:
496 2368 670 2411 audiuit
693 2368 914 2423 singulos,
939 2381 991 2410 ac
1013 2367 1059 2408 in
1081 2366 1305 2408 audiendo
1327 2380 1376 2409 se
1393 2365 1584 2421 singulis
1604 2366 1669 2406 fa—

44 2429 212 2472 cilitate
230 2427 489 2470 admiranda
507 2426 880 2478 accommodauit,
900 2434 951 2468 ut
969 2425 1156 2480 quilibet
1178 2425 1218 2466 ei
1236 2439 1335 2466 non·
1349 2431 1505 2466 notum
1526 2424 1670 2466 solum

42 2489 121 2532 sed
146 2486 407 2531 familiarem
430 2501 609 2541 quoque
632 2500 683 2528 ac
706 2485 913 2528 intimum
937 2500 1035 2528 esse
1053 2485 1271 2535 crederet,
1293 2497 1407 2549 quae
1430 2483 1542 2525 ratio
1560 2483 1672 2526 mire

43 2561 199 2589 omnes
217 2546 445 2588 consolata
463 2552 545 2588 est.
569 2544 784 2588 Omnium
804 2542 1204 2598 exhomologesim,
1227 2542 1403 2585 tametsi
1421 2543 1541 2584 haud
1560 2542 1671 2584 citra

40 2619 229 2662 magnos
251 2605 427 2647 labores
450 2618 501 2646 ac
525 2603 816 2659 fatigationes
838 2617 959 2654 suas,
985 2602 1175 2657 excepit
1202 2603 1251 2643 In
1281 2601 1560 2644 exhortando
1587 2600 1671 2642 fuit

40 2665 266 2719 frequens,
293 2678 525 2715 succosus,
546 2677 784 2715 neruosus,
806 2636 1003 2712 feruens,
1028 2662 1289 2712 uehemens,
1310 2659 1596 2702 admirabilis.
1621 2661 1669 2701 ln

39 2723 351 2766 conuersando
372 2723 495 2765 haud
516 2721 684 2765 nemini
708 2721 923 2764 molestus
948 2720 1047 2772 fuit,
1074 2719 1183 2774 quin
1214 2719 1392 2762 tametsi
1414 2725 1602 2761 exactus
1626 2725 1672 2761 et

114 2868 123 2886 ¹
188 2865 245 2899 Ex
278 2863 373 2899 Cod.
405 2873 456 2907 29
486 2863 538 2908 c),
570 2862 637 2896 fol.
670 2862 714 2906 46
742 2873 779 2895 v.
807 2860 906 2896 Vide
938 2859 1052 2906 epist.
1087 2859 1174 2902 2183
1207 2867 1293 2903 257,
1323 2871 1360 2895 n.
1395 2868 1429 2902 23
1457 2859 1538 2904 258,
1572 2872 1608 2894 n.
1635 2868 1673 2904 73

44 2911 125 2957 263,
144 2924 182 2947 n.
203 2911 238 2957 3,
259 2916 333 2946 etc.

183 3000 298 3029 Emsr.
322 3000 362 3027 P.
385 2999 518 3033 NADAL‚
539 2998 626 3026 ΤοΜ.
651 2997 693 3026 11.
1488 2996 1520 3023 41
