2098 3210
391 197 436 222 20
951 184 993 218 P.
1023 184 1209 218 NATALIS
1236 184 1456 218 EPHEMER.

482 330 521 370 9
1018 328 1376 379 VLYSIPPONAE‚
1406 329 1466 370 2.⁰

482 439 693 484 Redierat
716 440 904 483 Ioannes
929 439 1115 481 Paulus.
1142 440 1311 482 Actum
1334 453 1437 481 cum
1460 439 1632 484 infante
1654 441 1768 483 D.n0
1786 438 2024 483 Ludouico

393 519 450 562 de
473 515 770 573 applicatione
793 515 970 571 collegij
996 515 1107 571 regij
1133 515 1476 559 conimbriensis
1499 515 1730 568 Societati,
1758 516 1879 571 quod
1896 516 2024 558 labo-
2096 566 2098 577 A

395 601 463 638 ret
481 609 559 637 rex
575 593 621 635 in
637 592 1005 649 praeceptoribus
1023 592 1313 648 reperiendis.
1335 594 1442 635 Non
1456 599 1524 636 est
1542 599 1832 636 transactum.
1855 594 2025 636 Trans-
2093 623 2094 628 η

396 678 547 714 actum
570 671 690 726 apud
713 684 868 726 regem
891 670 947 712 de
969 669 1181 712 missione
1204 668 1250 711 in
1279 668 1550 724 Ethiopiam.
1584 669 1791 713 Breuiter
1818 669 2028 713 restituta

396 749 492 792 visa
513 754 621 791 sunt
643 746 793 790 omnia
814 746 862 789 in
890 746 1138 798 Lusitania,
1165 753 1214 789 vt
1241 746 1391 802 potius
1419 746 1650 789 videretur
1678 746 1817 790 fuisse
1845 745 1920 788 illa
1947 760 2029 789 ne-

396 825 590 870 cessaria
626 823 838 880 purgatio
875 830 920 866 et
958 822 1183 875 salutaris,
1225 838 1359 878 quam
1387 823 1393 881 Ι
1422 823 1629 867 attulisse
1665 822 1848 878 aliquod
1890 821 2031 866 detri—

402 909 603 947 mentum
627 901 859 946 Societati.
886 899 1044 944 Gloria
1065 902 1181 953 Deo,
1201 908 1288 944 etc.

1354 1021 1372 1039 Ο

492 1023 572 1065 10
1063 1022 1277 1073 EBORAE,
1306 1034 1345 1064 2.

493 1135 686 1180 Exercui
732 1149 897 1178 munus
937 1134 1223 1177 visitationis.
1257 1136 1424 1178 Actum
1457 1135 1514 1178 de
1550 1133 1727 1190 collegij
1770 1132 2033 1176 fundatione

403 1229 507 1257 cum
545 1213 782 1265 cardinali,
824 1220 869 1256 et
906 1214 1057 1268 quoad
1093 1212 1220 1256 licuit
1258 1219 1535 1255 transactum
1566 1219 1649 1255 est.
1682 1213 1924 1254 Inchoatae
1966 1211 2034 1255 le-

406 1291 580 1335 ctiones
608 1289 924 1333 humaniorum
953 1289 1183 1334 literarum
1212 1296 1257 1334 et
1285 1304 1472 1332 casuum
1511 1288 1830 1333 conscientiae.
1871 1287 1936 1330 Ibi
1964 1287 2035 1329 in—

409 1367 591 1412 choauit
614 1369 777 1412 docere
798 1366 1068 1411 rethoricem
1093 1366 1406 1423 Perpinianus:
1439 1368 1620 1410 Marcus
1647 1365 1879 1422 Georgius
1905 1379 2039 1408 casus

410 1445 714 1490 conscientiae
741 1446 768 1487 ¹.

500 1564 563 1607 11
1098 1564 1364 1607 CORDUBAE
1429 1604 1436 1610 ,

501 1680 551 1721 In
575 1678 734 1722 itinere
772 1677 1020 1734 periculum
1049 1677 1230 1720 Ioannis
1270 1677 1399 1719 Pauli
1429 1676 1474 1719 in
1512 1676 1705 1719 transitu
1741 1675 1952 1719 fluminis.
1992 1676 2042 1718 In

413 1757 635 1800 descensu
673 1756 729 1798 ad
767 1756 922 1798 vrbem
960 1757 1203 1798 vehemens
1239 1754 1456 1810 cogitatio
1493 1768 1619 1798 meae
1647 1752 1958 1809 ineptitudinis
1986 1753 2044 1795 ad

414 1831 661 1877 ministeria
684 1831 939 1883 Societatis,
972 1838 1059 1874 etc.
1091 1833 1260 1874 Actum
1282 1833 1338 1874 de
1362 1831 1628 1874 fundatione
1657 1830 1834 1886 collegij
1863 1837 1908 1872 et
1942 1829 2045 1871 vni-

419 1910 646 1954 uersitatis
668 1923 771 1952 cum
795 1910 851 1952 D.
881 1910 1060 1953 Ioanne:
1087 1909 1343 1951 consultum
1367 1908 1512 1951 visum
1537 1915 1607 1951 est
1628 1915 1677 1950 vt
1699 1909 1755 1950 ab
1779 1906 2047 1950 fundatione

416 2003 475 2031 ne
503 1987 744 2030 excludere
774 1986 1031 2030 videremur
1062 1986 1308 2029 ciuitatem.
1342 1987 1420 2028 Illa
1443 1985 1643 2028 adhibita
1675 1984 1866 2041 ingessit
1888 1983 2047 2026 miram

416 2065 729 2117 dificultatem3
756 2078 874 2115 narn,
902 2078 1041 2118 quum
1064 2063 1173 2105 nihil
1197 2063 1500 2119 polliceretur,
1525 2062 1660 2105 miras
1689 2061 1988 2118 obligationes
2017 2060 2023 2118 Ι

420 2149 465 2186 et
492 2142 813 2198 impedimenta
847 2142 1141 2184 obtrudebat:
1172 2140 1324 2195 itaque
1351 2154 1435 2183 nec
1472 2142 1529 2183 D.
1572 2142 1762 2183 Ioannes
1798 2146 1935 2193 atque
1963 2152 2049 2183 nec

421 2223 472 2264 P.
521 2221 556 2262 F
561 2219 790 2262 ranciscus
834 2226 1079 2274 potuerunt
1123 2219 1136 2238 ⁰²
1184 2226 1337 2262 tenere
1385 2217 1672 2273 patientiam.
1736 2215 1934 2271 Reliquit
1976 2230 2049 2258 me

422 2299 474 2340 P.
501 2299 536 2340 F
540 2296 781 2339 ranciscus.
815 2295 1155 2339 Bustamantius
1183 2302 1228 2338 et
1262 2297 1313 2337 P.
1346 2294 1575 2337 Antonius
1597 2300 1821 2337 venerunt
1843 2294 1899 2335 ad
1927 2307 2048 2335 mar—

421 2374 707 2417 chionissam.
751 2373 837 2430 Egi
865 2374 988 2416 solus
1025 2372 1217 2429 primum
1255 2387 1359 2415 cum
1397 2373 1458 2414 M.
1501 2371 1658 2414 Auila:
1692 2371 1950 2414 confectum
1979 2376 2048 2413 est

421 2451 679 2508 negocium3
706 2451 785 2495 sed
807 2450 983 2494 adiecta
999 2450 1074 2492 illa
1096 2449 1368 2501 conditione,
1394 2456 1443 2491 vt
1465 2449 1619 2492 dotato
1642 2447 1833 2504 collegio
1856 2462 1906 2491 se
1934 2446 2048 2490 obli-

423 2536 553 2585 garet
575 2528 778 2573 Societas
800 2534 848 2569 vt
876 2527 961 2571 sibi
987 2527 1232 2580 videretur,
1260 2542 1363 2569 nam
1392 2526 1482 2568 dixi
1512 2532 1771 2568 constanter
1793 2525 1956 2568 Auilae
1977 2539 2050 2568 me

423 2621 514 2649 non
537 2620 884 2658 consensurum,
911 2604 996 2647 nisi
1018 2606 1104 2647 hoc
1127 2603 1411 2656 adiiceretur,
1438 2611 1525 2646 etc.

513 2684 735 2726 Confecta
757 2690 825 2725 est
848 2682 1069 2738 scriptura
1087 2681 1362 2724 fundationis
1381 2680 1621 2724 tabellione
1641 2679 1786 2723 Patris
1804 2681 1866 2723 M.
1889 2677 2052 2730 Toleti,

426 2761 511 2804 sub
533 2760 715 2803 nomine
738 2760 883 2803 Nabal
905 2758 1015 2818 [sic];
1042 2760 1163 2814 quod
1185 2773 1273 2815 ego
1300 2758 1425 2801 nolui
1453 2757 1667 2814 expungi.
1698 2756 1834 2800 Dedit
1863 2756 2056 2812 amplam

426 2838 546 2881 illam
564 2838 751 2880 domum
768 2838 860 2880 don
879 2838 1084 2880 Ioannes:
1106 2836 1368 2893 inceperant
1389 2836 1553 2880 docere
1570 2835 1640 2878 12
1657 2834 1704 2878 in
1721 2835 1856 2877 domo
1873 2831 2051 2884 decani,

500 2948 508 2966 ¹
562 2946 648 2980 Fol.
678 2954 718 2979 10
736 2957 777 2979 v.
802 2955 968 2979 vacuum
986 2949 1174 2979 remanet.

497 3008 510 3026 ²
562 3005 890 3051 Ms.,potnerint.
