1958 3210
270 253 338 300 614
739 251 742 254 ’
893 254 1028 288 ΕΡΙΞΤ.
1058 252 1101 286 P.
1130 251 1278 288 NADAL

270 354 345 398 die
369 353 561 409 insignis
584 353 765 409 quidam
789 355 1050 397 adolescens
1073 368 1175 396 cum
1198 353 1397 410 parentis
1424 368 1648 398 consensu
1677 353 1899 399 admissus

270 420 354 465 est,
390 413 554 456 nostris
583 413 933 466 coloniensibus,
959 427 1120 469 nempe
1143 415 1319 457 Busaeo
1347 421 1391 456 et
1419 413 1573 465 Fabio,
1604 414 1720 458 bene
1743 421 1893 468 notus,

263 474 463 530 Jodocus
486 472 608 528 Lips,
634 473 948 525 bruxellensis,
974 488 1084 528 puer
1101 473 1255 529 magni
1272 473 1458 529 ingenii.
1480 475 1550 517 De
1567 473 1768 517 bonitate
1784 488 1895 516 con-

271 531 494 574 uictorum
516 534 605 575 hoc
627 532 738 575 sciat
762 534 814 575 R.
841 534 918 584 V.,
943 534 1030 574 hoc
1052 539 1254 588 tempore
1277 547 1432 576 omnes
1454 532 1635 575 omnino
1657 532 1719 575 ita
1740 547 1789 576 se
1812 547 1893 589 ge-

269 605 384 643 rere,
412 598 460 633 ut
483 606 575 634 non
600 591 766 646 uerbis,
792 607 882 634 non
905 591 1314 647 obiurgationibus,
1340 607 1431 635 non
1461 593 1548 635 ulla
1574 591 1816 635 seueritate
1837 592 1894 635 sit

270 665 397 706 opus:
427 651 684 706 frequenter
707 651 1057 704 communicant,
1081 650 1218 695 libros
1242 651 1279 694 si
1304 666 1419 706 quos
1447 653 1615 695 habent
1642 651 1894 694 haereticos

270 711 389 752 ultro
413 709 495 766 ipsi
519 712 792 753 comburunt
814 718 858 755 et
890 711 1106 753 lacerant:
1139 711 1340 766 gaudent
1368 710 1507 754 libros
1535 725 1643 754 suos
1665 725 1691 753 a
1713 725 1894 766 praece-

270 769 475 825 ptoribus
498 771 554 812 ab
577 770 804 812 erroribus
827 770 1032 826 purgari,
1064 769 1153 812 imo
1182 777 1311 826 turpe
1340 777 1458 814 esset
1487 776 1531 813 et
1561 770 1758 813 dedecus
1781 771 1897 814 uelle

270 828 503 873 obsistere.
530 829 577 873 Si
601 829 701 884 quis
724 831 840 874 forte
863 836 996 882 esset,
1024 829 1099 884 qui
1121 837 1297 885 praeter
1314 837 1531 881 caeteros,
1552 836 1601 871 ut
1618 828 1895 881 insolentior,

271 904 296 931 a
318 895 610 944 praeceptore
639 897 895 942 notaretur,
926 890 981 931 ab
1011 889 1107 932 eius
1137 889 1365 931 consortio
1394 888 1467 931 alii
1495 903 1543 931 se
1571 888 1817 932 abducunt.
1851 888 1898 933 Si

271 948 371 1002 quis
396 950 531 992 Pater
553 948 792 992 Societatis
814 951 899 991 hac
922 948 1096 1000 transit,
1121 949 1323 1004 gaudent
1345 963 1516 1000 omnes,
1543 962 1645 990 eum
1664 955 1708 992 et
1726 948 1895 1001 uidere,

271 1014 314 1051 et
346 1009 401 1050 ab
431 1022 485 1051 eo
514 1007 708 1063 aliquam
738 1008 1167 1051 admonitiunculam
1203 1008 1373 1052 audire.
1408 1008 1601 1051 Proinde
1636 1007 1711 1062 qui
1740 1007 1898 1050 transit

271 1068 356 1109 hac
392 1067 735 1111 conciunculam
774 1069 920 1111 facere
957 1067 1135 1123 cogitur
1172 1067 1337 1110 nostris
1366 1066 1714 1110 convictoribus.
1747 1069 1898 1110 Pauca

270 1126 387 1178 dico,
417 1129 566 1179 Pater3
593 1127 685 1169 scio
709 1134 859 1171 tamen
882 1127 1162 1171 colonienses
1185 1135 1360 1170 uestros
1377 1126 1542 1174 mirari,
1562 1128 1669 1169 dum
1686 1128 1798 1170 haec
1815 1141 1898 1169 au-

270 1185 415 1229 diunt.
443 1186 666 1230 Exercitia
689 1186 959 1229 concionum
989 1194 1033 1230 et
1060 1186 1304 1230 lectionum
1337 1186 1504 1253 optime
1526 1185 1893 1253 progrediuntur.

271 1247 321 1288 In
348 1260 521 1288 summa
550 1247 677 1298 aede,
710 1262 735 1289 a
763 1246 908 1289 reditu
931 1248 988 1289 D.
1022 1246 1230 1298 Henrici,
1263 1260 1364 1289 cum
1388 1245 1716 1289 existimatione
1744 1252 1788 1289 et
1815 1259 1897 1288 au-

271 1304 484 1348 thoritate
513 1305 702 1349 accessit
730 1305 793 1348 illi
824 1305 1042 1362 copiosior
1066 1305 1321 1348 auditorum
1352 1320 1587 1358 numerus;
1619 1319 1767 1360 neque
1795 1320 1897 1371 par-

270 1379 357 1407 uus
379 1364 605 1421 colligitur
628 1367 817 1418 fructus,
844 1366 1226 1432 quemadmodum
1255 1365 1470 1418 indicant,
1497 1365 1572 1420 qui
1595 1372 1695 1420 post
1717 1363 1898 1407 concio-

270 1439 373 1467 nem
396 1424 542 1480 ipsum
566 1426 622 1469 de
645 1426 781 1468 rebus
804 1424 1106 1469 conscientiae
1128 1439 1237 1469 suae
1260 1424 1424 1480 alloqui
1447 1425 1613 1477 solent3
1644 1424 1717 1466 alii
1738 1425 1899 1467 haere-

270 1499 342 1527 ses
380 1484 628 1540 deponunt,
660 1484 733 1527 alii
769 1484 895 1527 dubii
932 1485 1198 1537 redduntur,
1234 1484 1306 1527 alii
1343 1499 1442 1528 sese
1479 1485 1536 1526 ad
1572 1483 1898 1526 confessionem

271 1550 445 1599 parant.
478 1545 579 1586 Non
611 1544 760 1586 minus
788 1545 907 1600 apud
934 1546 993 1587 D.
1025 1545 1234 1587 Vrsulam
1263 1551 1474 1600 operatur
1500 1545 1626 1586 Deus
1654 1542 1899 1585 ministerio

271 1606 323 1646 Ρ.
344 1603 533 1660 Joannis
556 1603 721 1655 Rethii,
748 1603 823 1658 qui
847 1603 999 1659 populi
1018 1618 1184 1659 magna
1203 1603 1454 1659 frequentia
1470 1602 1794 1646 catechismum
1811 1602 1899 1644 illic

270 1663 468 1718 exponit.
495 1663 735 1707 Lectiones
758 1663 1030 1706 domesticae
1053 1678 1135 1706 suo
1159 1678 1281 1706 more
1299 1662 1665 1719 progrediuntur.
1686 1663 1761 1705 Ad
1782 1661 1899 1718 logi-

269 1736 367 1765 cam
391 1723 447 1765 60
469 1724 787 1776 ascenderunt;
813 1724 893 1766 sed
921 1724 1054 1765 modo
1083 1724 1233 1778 plures
1260 1730 1367 1765 sunt
1395 1723 1453 1765 ob
1475 1737 1568 1775 eos,
1599 1721 1675 1777 qui
1697 1728 1896 1777 postmo-

268 1783 376 1824 dum
405 1790 716 1835 accesserunt3
748 1782 922 1838 physici
954 1782 1227 1826 recentiores
1255 1789 1361 1825 sunt
1391 1794 1460 1837 37.
1493 1783 1543 1824 In
1571 1780 1754 1837 reliquis
1781 1782 1898 1824 clas-

268 1842 393 1885 sibus
416 1857 610 1897 magnus
632 1841 766 1884 etiam
795 1849 863 1885 est
886 1857 1117 1886 numerus.
1145 1844 1243 1898 Ego
1271 1842 1316 1884 in
1339 1841 1519 1898 publica
1546 1841 1699 1884 schola
1722 1841 1896 1884 theolo—

269 1917 447 1957 gorum,
480 1917 534 1944 ex
564 1901 847 1945 ordinatione
876 1904 929 1944 R.
964 1904 1016 1944 Ρ.
1050 1902 1244 1953 Natalis,
1276 1903 1419 1945 doceo
1447 1901 1595 1944 taliter
1625 1899 1814 1955 qualiter
1841 1899 1896 1941 li-

269 1963 400 2004 brum
434 1961 782 2013 sententiarum,
818 1968 1133 2004 controuersas
1164 1961 1298 2004 huius
1328 1960 1555 2016 temporis,
1587 1959 1735 2015 potius
1764 1974 1896 2015 quam

269 2021 578 2074 scholasticas,
604 2020 916 2076 quaestiones,
943 2035 1059 2076 quae
1081 2021 1127 2063 in
1149 2021 1273 2065 hisce
1295 2020 1552 2064 hominibus
1581 2021 1666 2062 hoc
1695 2026 1898 2075 tempore

270 2081 418 2123 locum
456 2095 547 2123 non
580 2082 814 2133 haberent,
850 2096 1096 2137 exponens.
1138 2082 1366 2125 Numerus
1403 2079 1673 2131 auditorum,
1713 2078 1790 2133 qui
1827 2093 1898 2122 me

268 2147 532 2183 constanter
556 2140 745 2183 audiunt
776 2140 905 2183 facile
939 2140 1248 2184 centenarium
1272 2139 1469 2196 attingit.
1498 2140 1592 2183 Ora
1615 2145 1665 2181 ut
1692 2153 1771 2194 pro
1800 2153 1898 2181 mea

269 2199 458 2243 infantia
487 2199 572 2242 illis
595 2199 881 2243 satisfaciam.
915 2199 1050 2244 Scitis
1080 2202 1245 2243 R‚mum
1278 2207 1481 2243 nostrum
1510 2198 1606 2255 ipso
1628 2197 1700 2240 die
1731 2197 1897 2240 anima·

270 2274 369 2301 rum
399 2259 581 2302 obiisse.
614 2259 763 2312 Alius,
796 2259 872 2314 qui
900 2260 1033 2302 modo
1068 2260 1239 2303 electus
1276 2267 1361 2313 est,
1393 2260 1593 2302 decanus
1624 2257 1708 2300 fuit
1735 2256 1898 2300 summi

270 2319 440 2375 templi,
466 2320 612 2362 bonus
635 2319 718 2371 vir,
744 2319 1008 2371 catholicus,
1035 2326 1079 2362 et
1102 2319 1178 2375 qui
1202 2321 1494 2363 uehementer
1515 2320 1600 2361 hoc
1624 2321 1740 2360 onus
1762 2316 1896 2360 etiam

270 2393 373 2421 cum
403 2378 644 2434 lachrymis
667 2379 955 2422 detractavit.
995 2379 1043 2423 Si
1066 2378 1207 2422 nostri
1230 2378 1409 2434 collegii
1432 2376 1727 2433 patrocinium
1752 2376 1895 2419 susci-

268 2445 396 2494 peret
423 2445 469 2482 et
507 2438 746 2483 Societatis
784 2453 833 2481 se
866 2445 1105 2494 patronum
1135 2439 1323 2491 faceret,
1359 2438 1402 2480 in
1434 2440 1517 2480 hac
1545 2436 1729 2480 ciuitate
1757 2436 1896 2479 multa

268 2505 435 2554 posset.
459 2500 540 2540 Est
562 2498 681 2541 enim
706 2498 806 2542 talis
823 2498 953 2542 cuius
971 2499 1181 2542 uoluntas
1198 2505 1244 2542 et
1261 2497 1496 2555 imperium
1514 2495 1687 2553 impleri
1704 2495 1838 2540 debet
1864 2497 1891 2538 ¹.

341 2630 351 2650 ¹
403 2630 491 2677 Ms.‚
511 2630 620 2667 debes
