1958 3210
269 220 339 264 624
896 216 1035 251 EP1s'r.
1062 215 1106 250 P.
1135 214 1285 252 NADAL

269 328 397 376 poter
421 319 514 361 fare
538 332 627 361 una
649 317 928 361 habitatione
950 317 1201 368 commoda,
1233 316 1477 373 inperoche
1504 319 1563 361 ha
1591 318 1796 362 ordinato
1819 321 1905 365 che

269 379 314 422 di
338 379 399 421 tal
421 378 555 420 modo
577 377 614 420 si
637 376 821 419 acconci
845 383 890 420 et
912 375 950 418 si
978 374 1143 419 refacci
1165 376 1208 418 la
1236 384 1390 420 nostra
1416 377 1718 432 habitatione,
1750 381 1834 422 che
1851 394 1904 424 ce

269 437 495 495 possiamo
516 436 720 480 h'abitare
742 451 878 480 senza
899 435 1033 478 alcun
1055 436 1205 477 darino
1227 443 1398 488 nostro,
1434 451 1460 479 o
1483 451 1592 479 uero
1620 439 1704 480 che
1725 452 1776 481 ce
1798 453 1902 494 par-

269 498 405 540 tiamo
427 497 484 539 da
506 496 654 552 quella
676 503 722 539 et
743 495 953 538 andiamo
974 508 1000 537 a
1022 493 1224 538 habitare
1247 494 1292 537 in
1317 511 1377 539 un
1399 496 1512 538 altra
1534 503 1709 541 mentre
1745 499 1829 542 che
1862 498 1899 541 si

271 556 506 609 fabricara3
526 569 600 598 ma
621 554 684 598 lui
706 554 906 597 scriuera
927 554 985 597 da
1007 553 1185 597 Vienna
1207 555 1311 609 quel
1334 562 1460 597 tanto
1482 557 1566 599 che
1588 555 1624 598 si
1642 557 1700 600 ha
1716 556 1773 599 da
1790 558 1898 609 iare,

267 616 526 671 imperoche
554 629 645 658 non
673 615 733 657 ha
761 613 890 656 finito
925 613 971 655 di
1009 613 1175 656 uedere
1212 621 1373 670 questo
1410 614 1597 671 negotio
1634 614 1672 657 si
1699 629 1827 661 come
1855 616 1900 659 in

269 675 395 717 molti
431 673 548 726 altri,
589 674 664 718 nel
693 674 824 728 quale
853 671 996 729 prima
1023 671 1063 714 ci
1090 674 1150 715 ha
1176 672 1233 715 da
1269 687 1419 717 essere
1446 674 1475 715 l’
1507 673 1816 731 archipiscopo
1844 676 1901 719 de

270 734 464 786 Uienna,
491 740 536 777 et
559 740 734 789 aspetta
763 747 928 776 ancora
956 731 987 773 il
1015 733 1068 774 P.
1101 731 1302 776 Uictoria
1329 732 1374 775 di
1403 733 1643 785 Cassouia,
1673 733 1704 776 il
1725 735 1856 789 quale
1878 736 1904 779 e

268 801 490 850 occupato
512 793 558 835 in
582 793 767 836 uisitare
789 793 831 835 le
854 805 959 835 cose
982 792 1231 847 temporale
1252 791 1358 836 delli
1381 792 1522 835 nostri
1544 793 1736 850 collegii.

1007 940 1094 982 XV
1125 940 1167 995 (b

755 1024 807 1060 B.
849 1022 1083 1058 PETRUS
1122 1021 1414 1059 CANISIUS

800 1108 940 1138 PATRI
975 1107 1157 1147 JACOBO
1191 1108 1366 1138 LAINEZ

644 1183 920 1240 Oeniponte,
959 1195 1008 1226 12
1038 1189 1083 1227 et
1117 1195 1166 1237 31
1205 1182 1313 1238 Maji
1349 1184 1457 1238 1563
1496 1186 1524 1226 ¹.

266 1277 314 1311 P.
336 1275 524 1311 Natalem
543 1275 597 1309 ad
614 1285 653 1309 se
671 1284 833 1308 evocare
851 1272 1067 1307 desiderat:
1086 1272 1133 1306 de
1158 1271 1348 1318 theologis
1376 1273 1770 1318 ingolstadiensibus:
1794 1278 1904 1323 optat

335 1324 522 1359 interesse
540 1321 766 1357 visitationi
789 1320 951 1365 collegii
973 1320 1236 1364 mmiacensi'S,
1262 1322 1306 1353 ut
1330 1320 1528 1355 rationem
1554 1332 1580 1355 a
1606 1321 1748 1357 Natali
1765 1323 1808 1358 in
1833 1336 1905 1359 suo

335 1370 561 1406 ministerio
578 1369 800 1404 adhibitam
819 1367 954 1402 videre
969 1367 1109 1413 possit:
1124 1368 1171 1402 de
1189 1379 1259 1402 suo
1273 1368 1507 1402 catechismo
1525 1368 1773 1405 absolvendo.

354 1448 445 1490 Die
469 1458 524 1489 12
547 1445 681 1502 Majz·‚
705 1445 813 1487 haec
844 1444 1063 1486 Canisius
1092 1445 1231 1486 Pam·
1261 1445 1437 1486 Lainez
1465 1445 1517 1487 de
1549 1446 1699 1488 reditu
1722 1448 1906 1493 Natalis

279 1507 597 1558 Vindobonam,
622 1509 662 1548 et
678 1505 731 1547 de
748 1519 829 1547 suo
851 1504 981 1546 illum
1005 1504 1065 1545 ad
1086 1517 1133 1545 se
1155 1504 1345 1545 vocandi
1372 1505 1596 1547 desiderio
1619 1507 1899 1564 referebat...

266 1567 491 1611 Dominus
528 1567 645 1608 bene
683 1571 830 1607 uertat
866 1564 980 1606 haec
1001 1562 1207 1615 consilia,
1239 1569 1284 1606 et
1317 1577 1444 1606 suam
1477 1578 1659 1607 causam
1687 1567 1907 1613 aduersus

267 1628 507 1670 daemones
524 1625 890 1683 germanienses,
920 1629 968 1665 ut
998 1623 1050 1665 P.
1083 1622 1257 1665 Natalis
1279 1623 1491 1678 appellat,
1523 1630 1722 1667 tueatur.
1756 1627 1906 1672 Hodie

268 1685 633 1742 archiepiscopus
655 1682 892 1740 pragensis
914 1684 1004 1724 huc
1022 1681 1148 1724 uenit
1165 1682 1293 1725 breui
1311 1681 1578 1726 Tridentum
1597 1691 1833 1740 uenturus,
1855 1695 1906 1730 ut

268 1746 473 1789 arbitror.
503 1747 555 1788 P.
581 1742 756 1787 Natalis
779 1742 1004 1786 Viennam
1028 1740 1174 1793 rediit,
1201 1756 1335 1796 quem
1352 1743 1442 1784 huc
1460 1756 1713 1796 euocarem‚
1739 1744 1776 1787 si
1797 1761 1903 1802 pos-

268 1821 382 1857 sem,
408 1819 500 1847 non
537 1804 751 1847 auderem
782 1808 949 1853 tamen,
981 1815 1038 1844 ne
1066 1799 1263 1845 rationes
1291 1801 1603 1857 collegiorum,
1635 1803 1799 1858 quibus
1828 1806 1902 1850 1116

267 1867 433 1909 bonam
470 1864 547 1906 dat
584 1876 782 1918 operam,
822 1860 1143 1913 interturbem3
1184 1867 1228 1904 et
1266 1861 1528 1916 praesertim
1566 1876 1670 1905 cum
1706 1864 1901 1908 nesciam

269 1923 483 1980 quamdiu
513 1922 571 1965 sit
592 1924 678 1964 hoc
700 1922 800 1964 loco
828 1919 937 1962 mihi
967 1920 1261 1963 manendum.
1295 1919 1343 1964 Si
1375 1935 1484 1964 uero
1516 1928 1640 1964 certo
1676 1931 1905 1969 constaret

268 1985 448 2027 duobus
470 1982 543 2025 hic
565 1980 798 2025 mensibus
820 1980 1099 2023 haerendum
1124 1993 1240 2033 esse,
1266 1985 1361 2021 tum
1385 1979 1553 2023 iudicet
1576 1982 1624 2024 R.
1654 1984 1906 2028 Paternitas

271 2051 348 2087 tua
371 2042 479 2098 quid
502 2041 598 2085 fieri
621 2039 831 2101 expediat
853 2038 1055 2094 magis...

361 2104 461 2158 Ipse
486 2101 704 2144 Caluisius
726 2100 778 2141 de
800 2099 948 2140 variis
971 2099 1103 2140 rebus
1125 2098 1184 2139 ad
1211 2099 1489 2141 Germaniae
1518 2101 1809 2157 collegiorum
1831 2118 1906 2146 re-

265 2164 428 2220 gimen
457 2175 558 2203 cum
593 2160 754 2202 Natali
786 2159 1051 2213 quantocius
1084 2158 1403 2199 collocuturmw
1443 2160 1627 2215 scrispsit
1653 2161 1821 2204 Lainz‘o
1852 2175 1906 2216 31

270 2221 392 2278 Maji
416 2223 546 2275 1565.
573 2220 648 2260 En
671 2219 770 2274 ejus
791 2218 996 2260 verbm...
1027 2218 1087 2260 Vt
1119 2217 1351 2272 expediam
1376 2216 1566 2272 primum
1591 2233 1707 2274 quae
1733 2221 1905 2266 minora

269 2288 391 2333 sunt,
418 2296 473 2324 ex
497 2278 720 2322 adiunctis
742 2276 883 2320 literis
906 2283 1211 2332 cognoscetur
1236 2278 1286 2319 P.
1314 2277 1520 2319 Natalem
1544 2293 1665 2321 nunc
1689 2280 1901 2337 Pragam,

268 2343 384 2384 duce
407 2339 604 2391 Christo,
629 2336 906 2393 peruenisse.
933 2336 1050 2379 Cum
1069 2341 1219 2379 autem
1243 2335 1361 2378 idem
1384 2336 1564 2380 redierit
1582 2338 1625 2380 in
1646 2339 1900 2393 Bauariam,

269 2415 402 2457 agam
425 2413 528 2442 cum
547 2412 601 2441 eo
623 2398 785 2440 lubens
807 2397 862 2438 de
886 2394 1110 2451 theologis
1128 2394 1556 2451 ingolstadiensibus
1574 2398 1588 2417 ²
1609 2400 1902 2452 quemadmo-
1936 2402 1939 2405 “

269 2462 377 2503 dum
395 2466 440 2503 et
463 2459 519 2502 de
541 2458 725 2500 doctore
748 2457 916 2499 Torrez
933 2452 1046 2511 [sle]‚
1068 2461 1292 2509 quatenus
1309 2469 1386 2497 eos
1404 2457 1644 2499 transferre
1661 2457 1746 2500 alio
1764 2474 1901 2515 expe-

269 2520 377 2563 diat:
400 2526 496 2560 tum
514 2518 570 2560 de
591 2515 803 2558 iuuandis
826 2516 888 2557 M.
910 2513 1121 2565 Martino‚
1145 2516 1196 2556 P.
1217 2513 1367 2556 Dirsio
1389 2522 1433 2556 et
1455 2515 1567 2558 aliis:
1593 2524 1825 2571 praeterea
1847 2520 1903 2562 de

269 2578 461 2633 collegio
483 2575 755 2631 dillingensi.
786 2573 988 2617 Primum
1011 2580 1163 2617 autem
1185 2572 1432 2615 visitandos
1463 2582 1573 2629 puto
1602 2583 1780 2620 nostros
1802 2580 1902 2622 Mo-

269 2637 435 2682 nachii.
456 2638 572 2692 Ego,
593 2635 630 2677 si
647 2634 709 2677 illi
727 2634 991 2677 interessem
1013 2631 1275 2684 visitationi,
1296 2632 1497 2676 audirem
1522 2634 1690 2679 utiliter
1711 2643 1756 2678 et
1778 2637 1904 2680 vide—

269 2713 364 2743 rem
388 2713 456 2750 ea,
483 2709 599 2751 quae
621 2693 848 2750 sapienter
870 2692 944 2735 ille
973 2691 1017 2734 in
1047 2691 1304 2734 visitatione
1328 2707 1546 2748 peragere
1577 2695 1693 2738 solet
1724 2697 1754 2738 ³.
1788 2698 1902 2740 Nam

269 2760 489 2801 hactenus
512 2769 602 2797 non
625 2753 751 2796 licuit
775 2766 925 2795 coram
949 2752 1121 2795 adesse.
1151 2751 1333 2795 Habere
1356 2752 1469 2795 solet
1491 2754 1826 2800 exhortationes
1849 2756 1905 2799 ad

344 2914 351 2933 ¹
405 2911 461 2945 Ex
481 2909 709 2954 archetypo,
729 2907 768 2942 in
788 2906 917 2952 Epist.
942 2905 1113 2946 Cavisti,
1135 2905 1166 2951 Ι,
1189 2905 1254 2939 116
1271 2904 1387 2943 (300).

338 2961 352 2980 ²
404 2957 504 2992 Vide
523 2956 637 3003 epist.
659 2956 741 3000 265,
762 2966 799 2989 n.
821 2964 856 2998 93
879 2961 961 2999 274,
981 2965 1018 2988 n.
1040 2961 1075 2997 73
1098 2958 1137 2988 et
1155 2952 1339 2999 append,
1358 2951 1412 2987 XI
1432 2952 1482 2998 (a.

341 3008 354 3026 ⁵
405 3005 505 3040 Vide
525 3004 639 3050 epist.
662 3003 745 3048 281,
765 3015 803 3037 n.
825 3010 859 3036 2.
