1958 3210
817 159 901 202 1561
1282 184 1286 190 .
1628 165 1672 201 75

134 266 337 307 Fuerunt
373 262 521 318 plures
554 259 867 316 responsiones
901 260 973 302 hic
1007 261 1166 311 factae,
1207 274 1341 314 quam
1380 259 1423 301 in
1463 258 1560 314 alijs
1584 260 1674 301 col-

46 344 89 385 le
125 341 192 396 ijs.
224 339 230 396 Ι

92 356 267 460 gEram
291 430 380 472 ego
409 422 657 470 occupatus
687 414 733 456 in
755 414 1028 467 visitatione,
1062 428 1201 470 quum
1230 428 1336 458 ecce
1360 413 1439 456 tibi
1467 413 1591 457 venit
1619 414 1676 455 ad

51 509 121 538 me
159 496 210 537 P.
251 492 535 535 Franciscus.
579 493 777 534 Venerat
814 506 871 534 ex
908 492 1105 533 Castella
1144 493 1194 533 P.
1237 491 1498 546 Sayauedra
1541 492 1573 541 ¹,
1620 490 1675 532 ad

11 577 19 583 “
50 571 179 614 cuius
206 571 470 620 aduentum,
501 575 676 611 mutato
705 568 908 619 consilio,
940 568 1098 611 statuit
1127 570 1313 610 Romam
1346 567 1585 623 proficisci3
1612 573 1673 620 et,

48 655 97 690 vt
124 646 370 704 periculum
406 645 585 696 vitaret,
618 645 834 701 nauigare
870 645 925 687 ad
956 644 1208 700 proximum
1245 651 1424 700 portum
1460 643 1672 686 Baionae.

50 725 156 768 Inde
178 737 256 779 per
277 721 488 774 Galliam,
516 729 610 764 tum
634 723 822 764 Romam
846 721 1134 764 contendere.

136 801 249 855 Ego,
270 813 408 853 quum
427 812 573 842 essem
591 797 737 840 iturus
759 797 805 839 in
824 797 1083 849 Castellam‚
1110 797 1414 841 necessarium
1432 796 1540 838 duxi
1563 798 1677 840 145

47 877 109 920 ita
130 891 200 919 me
222 877 278 918 de
300 877 384 918 hac
407 874 547 918 itione
568 888 721 930 agere,
746 881 796 916 vt
818 888 995 929 semper
1016 881 1136 916 esset
1159 873 1267 915 mihi
1290 873 1519 929 integrum
1538 874 1679 928 profi—

50 953 132 998 teri
154 967 205 996 ac
227 953 374 995 iurare
398 967 468 994 me
491 958 678 994 auctore
699 940 825 993 illum
849 965 939 993 non
962 965 1061 993 esse
1090 951 1358 1006 profectum,
1391 950 1463 993 vel
1485 964 1679 992 consen—

51 1030 203 1083 tiente;
228 1044 319 1072 non
342 1028 541 1084 potuisse
566 1035 716 1071 tamen
739 1027 970 1082 impedire,
998 1028 1118 1082 quod
1140 1042 1193 1070 ea
1215 1026 1261 1068 in
1284 1042 1331 1071 re
1360 1026 1455 1082 ipse
1479 1026 1680 1081 accepis-

54 1114 121 1151 set
142 1123 167 1150 a
190 1109 237 1149 P.
264 1105 464 1162 generali
482 1105 751 1149 libertatem.

140 1185 392 1239 Acceperat
413 1182 565 1225 literas
587 1197 613 1224 a
637 1183 689 1224 P.
717 1183 887 1237 Layne,
913 1181 989 1235 qui
1007 1181 1233 1236 jntellexit
1259 1180 1441 1237 probari
1473 1180 1547 1222 illo
1577 1195 1682 1235 pro-

54 1261 307 1306 fectionem:
334 1266 569 1315 acceperat
590 1260 731 1303 breue
754 1258 1066 1314 apostolicum,
1093 1273 1182 1313 quo
1204 1259 1499 1310 euocabatur,
1527 1257 1572 1299 in
1591 1272 1681 1312 quo

52 1338 161 1380 illud
177 1352 264 1393 ego
282 1336 525 1379 noluissem
544 1350 822 1391 expressum:
844 1335 1105 1390 petentibus
1129 1335 1343 1378 cardinali
1367 1334 1622 1379 ferrariensi
1650 1334 1655 1391 Ι

52 1422 97 1457 et
121 1417 171 1457 P.
199 1416 353 1470 Layne
375 1427 475 1457 esse
498 1426 781 1456 concessum.

140 1491 253 1534 Dico
289 1490 428 1546 igitur
456 1489 518 1531 illi
550 1496 599 1531 vt
629 1489 725 1545 ipse
754 1504 832 1544 per
861 1504 908 1531 se
937 1495 1121 1531 statuat:
1156 1504 1227 1532 me
1256 1478 1350 1531 non
1380 1503 1511 1544 posse
1540 1487 1682 1543 impe-

56 1567 150 1611 dire
174 1568 206 1609 ².

143 1645 406 1694 Confirmat,
429 1658 544 1698 quae
582 1649 818 1696 statuerat,
861 1643 1093 1699 nauigare.
1136 1644 1185 1685 In
1234 1657 1331 1685 eam
1382 1657 1475 1686 rem
1522 1642 1685 1698 accipit

59 1721 260 1776 Ljonello
283 1722 338 1764 de
361 1720 487 1764 Lima
510 1727 554 1764 et
576 1733 663 1773 400
694 1730 733 1765 Δ
765 1735 820 1762 ex
843 1719 928 1761 illis
953 1722 1003 1762 P.
1032 1719 1209 1775 Ignatii.

146 1797 360 1853 Nauigat,
385 1798 464 1840 sed
489 1807 559 1839 2.0
585 1797 656 1839 die
679 1796 872 1839 afflictus
895 1796 1032 1839 nimia
1055 1796 1247 1839 iactione
1271 1804 1316 1840 et
1333 1798 1444 1849 salo,
1466 1804 1512 1839 et
1529 1796 1625 1852 ipse
1641 1804 1687 1839 et

59 1875 163 1930 socij
188 1874 302 1917 redit
333 1875 388 1916 ad
427 1875 475 1917 S.
516 1873 679 1916 Felicis
702 1875 733 1915 ³.
761 1874 870 1917 Inde
898 1873 1127 1929 significat
1158 1888 1237 1929 per
1265 1873 1433 1927 literas,
1466 1888 1514 1916 se
1541 1888 1687 1928 quan-

57 1952 295 2007 doquidem
318 1966 409 1994 non
432 1950 652 1994 successit
673 1950 928 2006 nauigatio,
954 1950 1039 1994 iter
1061 1950 1393 2006 ingressurum,
1419 1958 1468 1993 vt
1491 1966 1569 2006 per
1597 1951 1688 1994 Ca-

60 2029 231 2072 stellam
255 2036 342 2072 eat.
1283 2087 1285 2090 v

145 2106 260 2149 14ss
321 2107 625 2149 Vehementer
656 2112 702 2148 et
751 2104 859 2146 mihi
889 2112 934 2148 et
963 2104 1060 2160 alijs
1091 2104 1303 2147 Patribus
1339 2104 1569 2161 displicuit
1603 2106 1689 2146 hoc

58 2182 309 2235 consilium,
331 2182 450 2237 quod
474 2181 519 2224 in
542 2189 715 2225 certum
740 2181 989 2237 periculum
1014 2196 1064 2225 se
1084 2181 1315 2225 videretur
1336 2181 1574 2237 conijcere.
1604 2183 1684 2232 Ita,

62 2259 224 2301 auditis
248 2259 474 2310 Patribus,
501 2273 525 2301 e
554 2258 750 2315 uestigio
778 2258 925 2301 missis
954 2258 1111 2312 literis,
1144 2258 1508 2301 constantissime
1536 2258 1690 2301 disua-

62 2336 147 2378 deo
169 2335 506 2391 profectionem,
533 2342 669 2391 atque
692 2335 826 2379 etiam
849 2335 969 2378 illam
998 2335 1217 2391 improbo.
1252 2336 1348 2378 Has
1377 2335 1529 2378 literas
1561 2334 1691 2377 mitto

65 2414 121 2454 ad
141 2412 280 2465 illum,
305 2427 438 2456 seruo
462 2413 580 2468 apud
603 2427 674 2455 me
697 2413 952 2468 exemplum
976 2412 1266 2468 obsignatum
1290 2428 1314 2455 a
1337 2427 1409 2455 me
1432 2418 1477 2455 et
1499 2427 1524 2454 a
1544 2411 1691 2454 Patri—

64 2489 164 2542 bus,
189 2489 352 2544 quibus
374 2490 609 2545 probarem
634 2488 742 2531 nihil
767 2488 958 2531 attinere
982 2490 1053 2532 vel
1070 2490 1126 2531 ad
1143 2504 1229 2540 me,
1252 2489 1322 2531 vel
1341 2489 1396 2531 ad
1418 2488 1690 2532 Societatem

64 2565 182 2609 illam
204 2566 403 2610 itionem.

150 2643 335 2686 Etiamsi
346 2643 457 2686 nihil
474 2650 544 2686 est
561 2658 713 2687 morae
731 2643 927 2699 positum
945 2644 991 2686 in
1002 2642 1251 2686 scribendis
1279 2643 1285 2700 Ι
1313 2649 1358 2686 et
1377 2641 1606 2685 mittendis
1622 2642 1694 2684 his

61 2719 216 2773 literis,
244 2728 392 2763 tamen
422 2735 514 2763 non
542 2720 689 2776 potuit
718 2720 906 2764 nuntius
944 2721 1067 2762 illum
1107 2719 1340 2776 consequi;
1384 2718 1534 2762 statim
1573 2718 1694 2762 enim

139 2847 148 2867 ¹
199 2845 278 2891 Sic,
294 2857 362 2892 pro
382 2846 606 2881 Saavedra.

135 2907 148 2926 ²
198 2904 456 2950 SAccflmus,
477 2906 550 2939 loc.
570 2905 653 2948 cit.‚
674 2918 710 2942 n.
730 2913 787 2939 21.

138 2965 152 2984 ³
203 2964 291 3009 Ms.‚
315 2965 506 2999 Ficilicis.
