1958 3210
255 203 302 240 82
822 203 866 237 P.
895 201 1084 237 NATALls
1109 202 1330 237 EPHEMER.

346 304 496 348 Lectis
508 304 664 355 literis,
685 317 776 358 quo
794 303 884 345 ritu
901 303 1063 356 solent,
1078 303 1312 346 aduocatis
1329 303 1536 356 testibus,
1556 304 1895 360 respondi162
1927 319 1929 323 ·

257 397 329 426 me
353 381 445 424 fore
478 381 523 424 in
561 379 833 425 obedientia:
859 394 961 434 nec,
992 386 1307 436 praeterquam
1338 380 1515 425 videam
1559 396 1656 424 esse
1679 382 1892 427 volunta-

258 466 348 503 tem
370 457 602 514 principis,
625 457 868 512 quicquam
892 463 1115 499 acturum.

346 535 523 579 Literae
546 534 845 591 prohibebant
861 547 919 576 ne
942 532 1171 577 visitarem
1196 532 1399 588 omnino,
1433 542 1673 590 antequam
1704 535 1890 580 exhibe-

258 627 353 656 rem
376 611 474 667 regi
497 626 621 655 meas
644 611 883 654 facultates
901 616 945 652 et
962 609 1131 653 literas.

349 689 429 730 Est
451 695 683 744 praeterea
705 702 731 730 a
754 686 921 729 nostris
944 701 969 730 a
991 701 1063 731 me
1084 685 1271 729 missum
1310 694 1496 731 senatus
1529 688 1640 744 regij
1674 688 1909 741 edictum,
1939 727 1946 748 ,-

261 780 352 820 quo
375 765 466 808 duo
483 764 885 809 interdicebantur:
906 775 1022 820 p‚um
1035 798 1045 817 ,
1066 779 1123 807 ne
1139 763 1357 819 pecunias
1374 779 1429 808 ex
1447 764 1669 820 Hispania
1685 767 1894 809 extrahe-
1940 769 1942 798 ἓ

261 856 427 886 remus.
456 853 591 895 2‚um‚
618 856 675 884 ne
699 843 880 884 Patrem
901 840 1096 896 aliquem
1119 848 1197 883 aut
1220 842 1417 884 fratrem.
1445 842 1713 886 Addebatur
1735 857 1792 886 ne
1809 857 1901 899 ego
1942 890 1944 896 y

262 918 508 971 visitarem,
528 920 650 974 quod
671 933 817 962 essem
839 924 1098 961 extraneus.

353 997 485 1051 Quae
508 995 675 1039 fuerint
704 995 710 1052 Ι
737 1009 902 1038 causae
919 994 1056 1038 huius
1074 1002 1164 1038 tam
1183 995 1441 1051 praecipitis
1459 1003 1596 1051 atque
1613 996 1764 1041 acerbi
1780 996 1897 1051 iudif

264 1073 339 1129 cij,
364 1072 465 1127 quis
487 1079 659 1125 auctor,
686 1087 774 1129 ego
797 1071 907 1114 nihil
931 1079 1100 1116 temere
1117 1072 1280 1125 dicam,
1306 1075 1394 1116 X.0
1420 1074 1629 1129 propitio,
1650 1075 1730 1118 sed
1748 1081 1899 1117 tamen
1946 1074 1947 1078 ’

263 1150 352 1193 iam
374 1150 479 1194 inde
501 1150 630 1191 multi
653 1157 760 1192 sunt
782 1148 998 1205 suspicati
1017 1149 1155 1193 fuisse
1171 1152 1333 1193 horum
1352 1150 1583 1194 turbinum
1600 1151 1898 1195 architectum

266 1226 527 1270 Araozium,
561 1228 733 1271 Verum
761 1227 836 1270 illa
866 1241 1097 1283 nunquam
1126 1228 1247 1283 apud
1274 1242 1345 1271 me
1374 1228 1565 1284 suspitio
1591 1228 1812 1281 obtinere,
1836 1228 1903 1272 ita

267 1304 387 1349 enim
420 1304 540 1347 illam
570 1303 675 1357 vici,
707 1311 757 1347 vt
784 1305 917 1361 plane
946 1304 1169 1360 potuerim
1198 1304 1348 1349 iurare
1375 1319 1447 1348 me
1473 1307 1483 1326 ¹
1508 1306 1693 1349 credere
1714 1305 1777 1348 ita
1808 1320 1901 1348 non

268 1395 383 1433 esse,
409 1380 495 1424 nisi
518 1381 624 1437 quia
644 1389 977 1437 procuratores,
998 1382 1076 1438 qui
1092 1389 1317 1438 venerunt
1340 1389 1497 1438 postea
1520 1398 1575 1426 ex
1598 1389 1788 1438 Vtraque
1811 1384 1902 1426 Ca—

268 1459 413 1511 stella‚
434 1458 556 1501 illam
577 1458 881 1515 suspicionem
904 1458 919 1478 ²
940 1459 1282 1513 confirmarunt,
1306 1466 1443 1514 atque
1471 1460 1582 1502 adeo
1610 1459 1729 1502 illius
1758 1459 1902 1502 turbi-

269 1534 339 1578 nis
367 1535 661 1579 coniecerunt
686 1536 802 1578 163
833 1536 1011 1592 culpam
1040 1535 1086 1578 in
1119 1535 1381 1588 Araozium,
1413 1551 1552 1591 quum
1583 1551 1670 1593 ego
1708 1536 1818 1578 nihil
1847 1537 1906 1580 de⁴

269 1612 464 1655 Araozio
487 1612 756 1669 suspicarer,
788 1627 937 1668 neque
965 1612 1085 1656 enim
1114 1613 1287 1657 ferebat
1317 1613 1621 1657 conscientiae
1648 1628 1774 1657 meae
1795 1613 1901 1656 sim-

269 1688 467 1744 plicitas,
513 1697 562 1732 vt
601 1696 691 1732 tam
728 1697 856 1733 atrox
894 1688 1069 1733 facinus
1090 1691 1338 1743 crederem,
1360 1697 1450 1733 tam
1473 1690 1763 1746 pernitiosam
1799 1705 1905 1747 pro-

270 1765 517 1825 ditio[nem]
542 1769 598 1811 ab
622 1767 699 1810 tali
723 1770 857 1811 Patre
880 1767 1074 1824 prodire,
1098 1782 1149 1810 ac
1178 1784 1235 1812 ne
1259 1784 1283 1811 a
1311 1783 1555 1824 quoquam,
1581 1769 1660 1824 qui
1689 1768 1906 1813 Societati
1954 1803 1958 1810 ,,

272 1859 437 1888 nomen
455 1845 669 1898 dedisset,
694 1844 919 1901 proficisci
941 1859 1074 1901 posse
1098 1847 1129 1888 ⁵.

1956 1901 1957 1916 η

362 1922 517 1977 Quum
539 1921 681 1978 igitur
701 1924 790 1965 hoc
814 1936 905 1965 non
926 1936 1122 1978 possem,
1144 1922 1357 1966 subibant
1374 1922 1650 1976 occasiones,
1673 1938 1788 1979 quae
1805 1939 1907 1967 mo—
1956 1917 1958 1933 ¹

275 2012 381 2041 uere
403 1999 656 2054 potuissent
690 2006 735 2041 et
764 2013 919 2055 regem
949 2007 994 2043 et
1023 2007 1246 2042 senatum.
1287 1999 1506 2053 Primum,
1537 2000 1746 2044 alienatio
1769 2001 1906 2044 animi

274 2075 386 2131 regij
411 2090 436 2118 a
456 2077 508 2118 Ρ.
530 2077 565 2118 F
568 2075 771 2118 rancisco
788 2082 975 2132 propter
993 2076 1142 2119 fratris
1173 2076 1419 2132 negocium
1448 2076 1454 2133 1
1482 2076 1765 2133 hispalensis.
1801 2078 1906 2121 Dis-

274 2151 441 2205 cessio,
468 2159 514 2196 et
537 2153 697 2195 modus
719 2152 1023 2196 discessionis.
1051 2153 1207 2196 Missio
1228 2153 1460 2196 literarum
1482 2168 1538 2196 ex
1568 2153 1712 2210 primo
1745 2155 1913 2211 oppido-

274 2229 465 2285 Galljae.
489 2229 643 2273 Missio
660 2244 715 2272 ex
734 2230 931 2273 Castella
948 2230 1177 2274 Marianae
1195 2238 1239 2274 et
1257 2232 1470 2274 Acostae.
1487 2231 1661 2274 Inuidia
1678 2239 1909 2275 contracta

276 2322 331 2351 ex
353 2306 566 2351 missione
588 2307 881 2363 pecuniarum
910 2307 1128 2363 superiori
1152 2315 1369 2364 tempore.
1403 2309 1598 2352 Auersio
1626 2317 1909 2365 magnatum,

275 2391 321 2427 et
344 2384 525 2439 quidem
549 2398 720 2437 eorum,
747 2384 823 2440 qui
846 2384 988 2428 nostri
1005 2392 1133 2428 erant
1151 2385 1343 2440 patroni,
1366 2401 1392 2428 a
1411 2388 1545 2429 Patre
1564 2386 1781 2442 generali,
1803 2401 1907 2442 pro-

276 2469 376 2516 pter
398 2476 561 2517 genus,
589 2469 683 2504 tum
708 2462 827 2516 quod
849 2461 1049 2504 venisset
1070 2461 1115 2503 in
1138 2461 1332 2504 Galliam
1355 2476 1459 2505 cum
1482 2464 1650 2519 legato,
1674 2466 1805 2507 hoste
1827 2478 1909 2507 no-

270 2538 411 2581 minis
432 2538 624 2594 hispani.
651 2538 873 2591 Offensio‚
895 2540 1015 2593 quod
1032 2538 1209 2581 senatui
1227 2539 1525 2584 exhibuerant
1542 2539 1911 2600 cons[ti]lss4tu-

280 2615 442 2669 tiones,
467 2615 513 2657 in
534 2616 699 2671 quibus
720 2615 932 2659 viderunt
960 2615 1070 2658 illud
1099 2616 1347 2659 abscissum
1372 2617 1544 2670 folium,
1577 2633 1667 2673 quo
1695 2619 1913 2674 legeban-

281 2699 353 2734 tur
379 2693 506 2735 Pauli
528 2693 589 2747 4.i
628 2695 719 2736 duo
742 2693 816 2736 illa
839 2693 999 2737 edicta.

371 2770 445 2812 Ad
464 2772 574 2814 haec
592 2770 757 2823 omnia,
779 2770 890 2813 illud
907 2771 1039 2826 plane
1057 2771 1296 2815 videbatur
1314 2771 1424 2814 mihi
1447 2786 1546 2815 esse
1562 2772 1803 2816 verisimile
1822 2774 1916 2816 Ro-

356 2898 365 2917 ¹
418 2896 507 2941 Ms.,
527 2907 647 2931 mem.

352 2958 366 2976 2
419 2956 493 2990 Ms.
506 2983 515 3000 ,
534 2956 849 3002 suspicitionem.

356 3016 369 3034 ³
420 3014 679 3060 SAccmnns,
695 3017 771 3051 loe.
796 3016 888 3061 cit.,
908 3029 948 3051 n.
982 3017 1041 3051 26.
