1958 3210
629 188 651 221 4
681 177 923 211 DECEMBRls
954 174 1044 219 1563
1585 180 1650 215 471

22 283 185 329 incirca
213 281 258 323 di
287 287 448 336 questo
476 293 609 334 paese
637 284 805 321 nostro.
840 276 992 331 Quelli
1020 277 1221 318 anchora
1249 276 1365 318 della
1393 273 1546 318 chiesa
1569 287 1651 315 no—

23 368 132 411 stra,
169 364 338 414 quanto
366 357 452 399 alla
481 354 742 410 quotidiana
778 352 1021 397 deuotione
1058 352 1103 394 in
1135 352 1437 407 frequentarla
1465 357 1511 393 et
1540 349 1651 392 odir'

23 450 181 488 messa,
206 442 251 477 et
274 431 563 483 confessioni,
589 432 765 476 benche
786 432 982 472 anchora
1004 429 1152 485 pochi.
1182 430 1244 471 La
1274 427 1528 483 frequentia
1549 426 1654 469 delli

25 511 212 559 auditori
237 512 324 553 allo
348 509 623 552 cathecismo
646 507 682 550 si
705 507 921 550 continua
943 508 1030 548 allo
1053 506 1209 557 solito,
1243 513 1288 548 et
1311 506 1490 560 quando
1514 505 1651 553 forze⁷

25 605 148 635 come
170 602 400 644 peusamo,
427 586 463 628 si
486 585 744 629 debilitasse
767 599 846 640 per
867 598 1003 626 cause
1026 585 1110 626 che
1134 583 1163 624 11
1188 584 1239 625 P.
1268 582 1453 625 Andrea
1475 582 1567 623 l'ha
1584 580 1654 622 in—

24 665 345 711 commenciato
383 679 408 705 a
440 664 593 719 legere
607 696 616 714 ,
651 662 688 704 si
726 663 1069 716 recompensata
1107 674 1209 702 cum
1249 660 1277 700 li
1316 658 1508 701 auditori
1541 658 1656 701 della

23 743 174 788 schola
197 743 315 784 doue
337 740 374 783 si
403 740 592 795 insegna
615 754 638 781 a
667 740 820 794 legere
847 744 893 780 et
921 734 1150 794 scriue[re]
1182 737 1387 778 tudesco.
1422 736 1495 777 Ha
1524 750 1655 790 parso

23 821 105 864 allo
128 826 280 862 nostro
305 818 450 860 Padre
474 815 749 872 prouinciale
771 821 816 858 et
839 816 1036 856 anchora
1059 829 1084 856 a
1106 813 1180 855 noi
1203 815 1287 855 che
1310 812 1339 854 11
1362 813 1512 854 (101101
1536 813 1654 855 Her*

23 911 186 940 manno
218 902 520 938 commutasse
551 894 593 935 la
625 892 811 935 lettione
844 892 916 935 del
947 890 1224 934 cathecismo
1257 904 1360 932 cum
1398 890 1441 931 13
1476 888 1656 944 predica

23 975 135 1017 della
159 972 313 1016 chiesa
336 971 526 1027 magior,
561 971 682 1013 doue
710 969 747 1012 si
777 982 907 1024 spera
935 967 1012 1024 pisi
1042 968 1182 1009 frutto
1215 981 1454 1009 commune
1479 974 1523 1008 et
1553 980 1653 1008 cum

25 1051 102 1108 pisi
119 1048 411 1093 abundantia.

114 1128 154 1169 8.
221 1127 253 1168 Il
278 1128 411 1169 Mtro.
432 1127 611 1182 Joanne
635 1125 790 1166 Orano
812 1124 870 1165 ha
893 1121 1257 1165 incomminziato
1281 1128 1441 1175 questa
1463 1134 1654 1162 renoua—

26 1205 149 1247 tione
172 1202 277 1245 delli
299 1201 435 1245 studii
457 1201 503 1243 di
525 1202 678 1256 legere
700 1199 730 1241 il
752 1214 901 1250 curSO,
926 1206 971 1242 et
989 1213 1194 1254 speramo
1212 1199 1255 1240 10
1274 1198 1366 1240 fara
1389 1211 1491 1238 cum
1514 1196 1659 1238 Vtilita

24 1288 68 1325 et
89 1295 171 1324 sua
193 1286 238 1323 et
260 1279 364 1322 delli
386 1277 615 1333 discepoli.
644 1276 695 1320 Li
717 1276 824 1318 duoi
847 1275 1045 1318 mandati
1068 1275 1124 1317 da
1148 1276 1203 1317 V.
1232 1276 1286 1317 R.
1310 1275 1362 1316 Ρ.
1384 1289 1463 1329 per
1480 1274 1522 1317 10
1539 1274 1657 1317 duoe

25 1358 176 1402 schole
199 1354 398 1399 inferiori
421 1355 450 1396 11
473 1356 610 1396 fanno
633 1353 748 1396 assai
770 1354 887 1397 bene
910 1360 955 1396 et
977 1355 1109 1407 spero
1132 1366 1310 1406 sempre
1332 1350 1513 1406 meglio.

109 1450 151 1491 9.
217 1434 251 1476 Il
276 1435 329 1475 D.
359 1430 679 1476 Massimiliano
705 1440 775 1473 sta
792 1432 988 1472 anchora
1005 1443 1091 1471 con
1109 1428 1138 1469 11
1156 1427 1416 1479 conuittori,
1439 1435 1483 1471 et
1500 1427 1544 1469 di
1563 1428 1657 1469 loro

24 1514 106 1556 che
124 1511 281 1554 ordine
295 1509 331 1552 si
349 1511 503 1553 tenera
521 1523 611 1550 non
629 1521 813 1563 sapemo
831 1508 1041 1549 anchora.
1066 1506 1099 1547 11
1117 1507 1246 1547 Rmo.
1269 1507 1293 1547 e
1311 1505 1383 1547 del
1402 1518 1557 1560 parere
1575 1506 1659 1547 che

25 1589 61 1632 si
77 1586 293 1631 continua
303 1585 507 1637 ·l’officio,
529 1600 613 1640 pur
630 1586 675 1627 10
694 1585 826 1627 modo
850 1598 940 1627 non
958 1583 994 1625 si
1017 1583 1143 1626 volse
1165 1583 1409 1634 resoluere,
1436 1597 1507 1623 ma
1524 1582 1657 1623 vuole

25 1668 109 1710 che
124 1666 155 1708 11
175 1667 225 1708 Ρ.
250 1667 387 1708 Ρο110
406 1665 529 1706 Phae
547 1677 697 1718 venga
715 1663 772 1704 da
788 1661 880 1704 luoi
898 1660 1053 1704 auanti
1070 1662 1154 1702 che
1173 1660 1209 1702 si
1234 1659 1350 1715 parti
1372 1659 1416 1700 di
1441 1660 1656 1709 Treuere;

26 1751 69 1786 01
90 1744 244 1786 alhora
266 1743 325 1784 ha
347 1742 473 1784 detto
497 1742 581 1782 che
603 1739 640 1782 si
663 1740 797 1781 vuole
820 1739 1048 1782 resoluere
1071 1752 1173 1779 011111
1197 1751 1314 1788 0550,
1341 1743 1386 1779 01
1403 1736 1660 1792 significara

26 1835 51 1863 a
72 1819 147 1862 noi
170 1834 249 1875 per
270 1819 300 1860 il
323 1817 568 1860 medesimo
593 1818 729 1859 Petro
749 1818 873 1859 Phae
896 1815 965 1858 cio
988 1817 1072 1857 che
1095 1816 1252 1870 parera
1274 1815 1359 1856 che
1381 1813 1418 1855 si
1443 1812 1598 1856 faccia.

117 1909 185 1939 10.
251 1897 430 1950 Questo
455 1893 515 1935 mi
538 1908 726 1938 occurre
748 1893 793 1935 di
815 1893 965 1936 auisar
988 1893 1074 1934 alla
1096 1893 1150 1935 R.
1179 1893 1231 1934 Ρ.
1259 1892 1316 1933 V.
1348 1891 1419 1933 del
1445 1904 1594 1934 essere
1617 1890 1660 1932 di

27 1981 185 2030 questo
207 1987 290 2015 suo
311 1970 519 2027 collegio,
545 1972 588 2013 lo
612 1971 743 2025 quale
765 1984 983 2026 pregamo
1005 1971 1105 2021 che,
1136 1983 1264 2012 come
1287 1983 1463 2023 sempre
1488 1970 1545 2009 ha
1562 1982 1659 2009 mo-

27 2057 165 2093 511310
188 2049 458 2105 particulare
480 2063 630 2091 amore
652 2062 784 2090 verso
813 2048 965 2090 d’esso
987 2054 1031 2089 et
1060 2046 1105 2088 di
1128 2061 1215 2097 me,
1250 2047 1334 2087 che
1364 2059 1541 2100 sempre
1564 2058 1663 2087 cre-

27 2141 103 2170 503
124 2142 150 2170 3
173 2126 316 2183 gloria
338 2126 382 2168 di
406 2125 494 2169 Dio
519 2133 564 2168 et
586 2126 731 2168 salute
753 2125 870 2167 delle
893 2124 1040 2167 anime
1070 2130 1221 2165 nostre
1243 2130 1287 2166 et
1309 2122 1413 2165 (10111
1437 2121 1659 2177 prossimi.

29 2204 119 2247 Alli
141 2203 332 2246 orationi
354 2203 399 2245 di
423 2204 479 2245 V.
506 2204 560 2245 R.
584 2204 636 2244 Ρ.
658 2209 703 2245 01
721 2203 792 2244 del
817 2204 866 2244 P.
892 2201 1092 2254 Canisio,
1119 2202 1160 2243 10
1178 2201 1310 2255 quale
1331 2199 1521 2255 pigliara
1538 2204 1664 2253 parte

30 2281 73 2323 di
95 2288 254 2335 questa
276 2295 355 2336 per
377 2294 475 2331 sua,
501 2287 546 2323 et
568 2295 594 2321 a
618 2279 723 2321 tutti
744 2279 775 2320 11
798 2279 898 2321 31111
922 2278 1023 2321 Rdi.
1057 2278 1101 2320 in
1131 2277 1314 2320 Christo
1348 2276 1482 2319 Padri
1505 2283 1549 2318 et
1573 2275 1654 2316 fra-

31 2357 122 2400 telli
144 2357 189 2398 in
213 2356 395 2399 Christo
418 2356 669 2399 charissimi
697 2356 1066 2399 continuamente
1095 2355 1132 2397 si
1161 2353 1565 2396 raccomandiamo.
1595 2353 1665 2394 De

32 2434 246 2486 Treuere,
272 2449 297 2476 a
319 2433 364 2475 di
387 2447 415 2487 4
437 2433 482 2476 di
510 2434 763 2477 Decembre
794 2434 919 2487 1563.

115 2509 409 2554 Desideramo
432 2513 516 2554 che
538 2511 580 2552 13
603 2512 655 2552 R.
686 2512 737 2552 P.
765 2511 821 2552 V.
849 2509 885 2551 si
916 2509 1058 2552 faccia
1086 2508 1231 2564 gratia
1260 2507 1305 2549 di
1330 2507 1516 2548 mandat
1538 2504 1666 2560 copia

29 2586 129 2630 dell'
162 2593 317 2630 ottaua
344 2586 561 2639 sessione,
593 2587 710 2630 della
738 2587 872 2641 quale
900 2601 991 2628 non
1013 2587 1209 2628 hauemo
1233 2586 1429 2626 anchora
1452 2596 1571 2625 noua
1600 2582 1665 2624 al—

29 2664 192 2715 chuna,
218 2670 263 2705 01
285 2663 330 2705 (11
353 2665 465 2708 altre
493 2678 599 2707 cose
628 2664 748 2707 dello
778 2663 984 2706 concilio.
1017 2663 1121 2705 Non
1150 2663 1345 2704 hauemo
1375 2661 1571 2702 anchora
1593 2658 1662 2700 in-

27 2745 124 2783 teso
141 2741 258 2783 dello
276 2741 390 2783 libro
407 2741 547 2784 latino
565 2741 687 2785 edito
705 2742 753 2782 in
775 2741 1087 2798 defensionem
1104 2739 1338 2781 Societatis
1356 2732 1538 2779 nostrae
1561 2751 1664 2778 con-

31 2819 104 2858 tra
136 2819 469 2873 Kenspnitium,
503 2834 531 2860 a
563 2820 774 2861 lusitana
811 2817 869 2861 Di
903 2819 959 2861 V.
996 2819 1050 2860 R.
1094 2815 1190 2858 pta
1228 2815 1429 2870 indegno
1459 2828 1590 2856 seruo
1623 2822 1668 2855 et

35 2892 208 2949 figliolo
231 2895 274 2936 in
298 2895 496 2948 Christo,

1038 2971 1267 3013 ANTomo
1301 2970 1475 3012 VINCK.
