1958 3210
242 198 288 232 60
806 199 848 234 P.
878 200 1066 235 NATALIS
1092 202 1312 237 EPHEMER.

242 301 363 355 quod
385 299 431 341 in
460 298 860 347 constitutionibus
899 308 1018 344 esset
1061 302 1087 352 ¹,
1121 303 1192 343 vel
1219 317 1245 344 a
1273 302 1431 346 maiori
1461 312 1587 359 parte
1617 318 1873 362 congrega-

241 384 388 422 torum
416 376 422 432 Ι
453 378 640 419 Patrum
662 376 930 431 probaretur
954 377 986 418 2.
1437 423 1439 425 ¹

329 454 564 496 Venerunt
595 453 651 494 ad
679 451 894 507 placitum
923 460 1099 509 tempus
1128 455 1346 498 electores
1383 471 1438 499 ex
1470 457 1624 513 primis
1657 459 1871 503 Patribus

239 530 488 581 Salmeron,
515 528 688 581 Simon,
721 528 970 581 Bobadilla,
1004 530 1319 585 prouinciales,
1347 533 1556 576 Canisius
1576 535 1866 589 Germaniae,

237 609 294 650 D.
310 608 486 654 ,Torres
510 605 833 662 Portugalliae,
858 607 1147 650 Domenecus
1166 607 1360 661 Siciliae,
1383 610 1585 665 Baptista
1601 612 1656 654 de
1686 614 1865 666 Barma,

235 682 625 739 viceprouincialis
648 682 921 738 Aragoniae.
951 685 1058 726 Erat
1081 683 1262 739 quidem
1290 686 1579 740 prouincialis
1608 689 1867 744 Aragoniae

236 762 289 803 P.
312 761 490 812 Strada,
512 759 692 814 sedhic,
714 768 926 803 causatus
944 775 1071 803 suam
1089 761 1397 805 valetudinem
1414 762 1653 817 infirmam,
1674 780 1765 808 non
1787 781 1867 809 ve—

235 838 317 880 nit.
349 838 471 880 Idem
503 837 675 880 causati
703 843 809 879 sunt
833 839 883 880 P.
926 839 961 880 F
965 837 1195 880 ranciscus
1229 839 1579 894 commissarius,
1602 843 1654 884 P.
1698 843 1863 895 Araoz,

233 914 521 971 prouincialis
544 915 784 967 Castellae,
806 921 851 958 et
870 917 921 957 P.
945 915 1303 969 Bustamantius,
1325 916 1615 971 prouincialis
1634 918 1861 972 Bethices3

234 991 388 1047 itaque
405 992 649 1034 abfuerunt
668 1004 691 1045 3
709 990 1009 1046 prouinciales
1027 998 1072 1040 et
1088 1007 1220 1034 Vnus.
1245 993 1362 1035 109
1380 993 1705 1038 Existimantur
1717 996 1865 1039 adhuc

234 1068 489 1113 necessario
514 1068 735 1111 euocandi
758 1068 1051 1112 commissarii
1075 1070 1107 1112 ³.

324 1145 462 1188 Primi
485 1145 674 1201 professi
697 1146 820 1188 nulla
842 1146 944 1201 lege
967 1146 1341 1190 constitutionum
1365 1149 1548 1191 fuerunt
1570 1150 1763 1204 euocati,
1784 1152 1863 1194 sed

233 1237 458 1266 consensu
492 1229 536 1266 et
565 1223 830 1278 probatione
861 1225 1064 1275 Patrum,
1090 1231 1273 1280 propter
1295 1239 1453 1267 eorum
1477 1225 1761 1281 dignitatem.
1795 1229 1861 1270 Ex

234 1299 514 1356 Portugallia
536 1299 661 1344 venit
682 1301 916 1356 professus
940 1302 992 1343 P.
1027 1301 1191 1355 Mjron,
1219 1317 1273 1345 ex
1306 1302 1453 1345 Gallia
1479 1305 1531 1345 P.
1573 1304 1858 1358 Pelletarius,

231 1391 287 1420 ex
319 1376 564 1420 Germania
596 1376 794 1420 Lanoius
824 1384 869 1421 et
904 1380 955 1420 P.
990 1379 1233 1438 Vsmarus,
1257 1393 1313 1421 ex
1343 1380 1379 1422 F
1383 1379 1571 1433 landria,
1606 1380 1681 1422 vbi
1715 1382 1861 1425 adhuc

230 1468 323 1496 non
339 1461 435 1496 erat
453 1453 758 1509 prouincialis,
779 1454 903 1498 venit
919 1455 1149 1510 professus
1165 1457 1217 1498 P.
1239 1456 1513 1510 Euerardus,
1534 1472 1589 1499 ex
1618 1459 1863 1514 Portugal—

228 1531 287 1574 lia
318 1533 369 1573 P.
402 1530 664 1574 Ludouicus
693 1532 923 1586 Goncales
951 1538 996 1574 et
1025 1534 1077 1574 P.
1110 1533 1343 1588 Goncalus
1367 1534 1589 1587 Vazaeus,
1622 1549 1677 1577 ex
1710 1534 1864 1579 Sicilia

230 1610 282 1651 P.
310 1608 475 1662 Vinck,
503 1610 555 1651 P.
584 1609 722 1663 Placa
744 1624 799 1652 ex
823 1608 1026 1652 Bethica.
1059 1608 1065 1666 Ι

318 1687 458 1728 Erant
471 1687 638 1728 Romae
656 1686 893 1737 electores,
915 1688 1051 1730 Pater
1068 1686 1280 1739 vicarius,
1304 1689 1356 1729 P.
1381 1688 1610 1731 Polancus
1626 1696 1671 1731 et
1690 1691 1742 1732 P.
1764 1691 1857 1733 Na-

228 1762 345 1816 talis,
371 1770 420 1804 vt
440 1762 774 1805 commissarius
796 1763 1037 1818 generalis,
1063 1778 1156 1806 non
1179 1771 1276 1807 erat
1297 1764 1417 1807 enim
1445 1766 1592 1807 adhuc
1621 1766 1856 1810 definitum

227 1840 284 1883 de
316 1839 649 1895 commissarijs.
682 1840 984 1883 Aduenerunt
1011 1848 1244 1896 praeterea
1266 1849 1581 1897 procuratores
1609 1842 1762 1898 aliqui,
1800 1844 1857 1887 de

228 1915 394 1972 quibus
416 1923 587 1971 postea.

315 1994 470 2049 Quum
508 1993 595 2035 iam
633 2008 789 2036 omnes
826 1993 1148 2038 conuenissent
1188 1997 1346 2039 Patres
1377 1995 1639 2051 supradicti,
1681 2005 1858 2053 praeter

227 2072 452 2123 Barmam,
479 2070 555 2126 qui
578 2070 721 2126 pridie
743 2071 977 2115 electionis
1000 2072 1222 2127 peruenit,
1245 2072 1330 2115 fuit
1350 2080 1499 2117 tamen
1516 2074 1572 2115 ad
1590 2073 1857 2118 electionem

223 2146 464 2202 admissus,
506 2154 550 2191 et
588 2162 682 2190 non
719 2155 870 2190 essent
902 2149 1172 2204 expectandi
1206 2151 1257 2192 P.
1292 2150 1579 2202 Franciscus,
1615 2151 1853 2205 Araozius,

223 2224 432 2269 Stradius
455 2232 500 2269 et
523 2225 878 2278 Bustamantius,
906 2232 953 2267 vt
982 2240 1095 2280 quos
1124 2226 1342 2269 sciremus
1371 2241 1461 2269 non
1490 2242 1590 2271 esse
1618 2235 1851 2282 venturos;

222 2301 298 2358 agi
320 2309 532 2358 coeptum
554 2309 623 2345 est
645 2303 702 2346 de
723 2302 837 2345 110
859 2302 1094 2355 electione,
1121 2310 1166 2347 et
1188 2303 1381 2359 primum
1399 2312 1676 2348 censuerunt
1694 2307 1855 2349 Patres

222 2380 451 2436 agendum
480 2380 536 2423 de
565 2379 634 2435 ijs,
667 2394 783 2435 quae
811 2386 916 2422 ante
945 2380 1229 2433 electionem;
1263 2382 1384 2435 quod
1413 2388 1653 2436 antequam
1684 2382 1852 2427 facere-

221 2471 337 2509 mus,
367 2457 424 2501 de
456 2471 681 2500 consensu
711 2459 898 2500 Patrum
926 2456 1036 2512 adijt
1066 2458 1258 2500 Paulum
1289 2459 1425 2502 Pater
1452 2457 1647 2501 vicarius
1677 2463 1722 2502 et
1750 2460 1852 2504 Sal-

220 2547 379 2576 meron
402 2535 457 2584 de
479 2534 549 2585 his
572 2535 722 2577 rebus.
751 2534 957 2591 Benigne
981 2535 1164 2577 fuerunt
1187 2534 1375 2590 accepti.
1407 2527 1548 2577 Dixit:
1584 2537 1743 2580 «Hanc
1770 2536 1853 2585 be—,

217 2610 443 2670 nedictam
462 2611 735 2655 Societatem
752 2625 840 2667 ego
857 2608 996 2654 iuui».
1011 2611 1237 2654 Laudauit
1254 2619 1487 2667 praeterea
1495 2611 1646 2655 diuam
1660 2613 1850 2669 Magda-

219 2687 383 2740 lenam,
410 2687 587 2743 etvillud
609 2688 873 2731 nominatim
896 2687 1046 2744 attigit
1069 2689 1193 2743 quod
1215 2689 1271 2731 ad
1294 2690 1428 2731 horas
1457 2689 1698 2732 canonicas
1724 2690 1850 2733 leua-

216 2770 349 2809 retur.
379 2765 435 2807 ab
477 2758 688 2821 angelis,⁴
715 2772 932 2821 perpetuo
974 2764 1146 2808 scilicet
1174 2764 1374 2821 retinens
1403 2765 1552 2808 animo
1581 2767 1785 2809 chorum.
1820 2766 1825 2823 Ι

288 2890 298 2910 ¹
349 2889 438 2935 Ms.,
457 2892 512 2924 est
530 2890 575 2925 in
593 2889 941 2925 constitutionibus
958 2892 1067 2925 esset.

284 2950 297 2968 '²
349 2947 607 2990 SAccfflNth,
627 2949 706 2984 loe.
730 2948 812 2994 cit.,
833 2948 900 2984 lib.
921 2958 962 2994 11,
981 2961 1022 2984 n.
1052 2948 1105 2984 16.

283 3008 298 3028 ³
348 3008 436 3051 Ms.,
457 3009 677 3043 enecandos
695 3008 1002 3044 commissarios.
