1958 3210
812 171 902 219 1562
1621 181 1668 219 95

136 310 246 354 198
740 322 977 352 LUTECIAE

140 429 228 484 Hjc
250 435 345 472 erat
369 430 419 471 P.
446 428 503 471 N.
530 427 754 483 generalis
776 441 878 469 cum
903 429 955 470 P.
984 429 1198 481 Polanco‚
1226 430 1278 470 P.
1305 427 1488 471 Godino
1511 435 1556 470 et
1580 427 1671 470 fra-

48 514 120 548 tre
142 504 388 548 Ludouico.
417 505 526 546 Erat
546 511 762 548 euocatus
783 519 807 547 a
831 519 1005 546 summo
1028 504 1240 559 pontifice
1263 505 1319 546 ad
1342 504 1600 557 concilium,
1627 511 1672 547 et

0 598 4 603 ·
55 582 238 638 parabat
261 579 599 636 profectionem.
628 581 779 623 Retuli
800 596 868 634 ea,
899 595 1015 632 Quae
1043 594 1224 636 egeram
1255 580 1434 622 Biliomi
1464 588 1508 624 et
1536 581 1671 623 Tolo—

53 672 129 701 sae
151 664 195 701 et
218 656 429 700 Rutheni.
457 656 581 699 Vidit
610 672 731 700 meas
763 657 1098 701 exhortationes
1131 657 1478 711 complutenses.
1516 657 1674 700 Voluit

53 743 102 777 vt
128 734 369 777 visitarem.
403 733 451 774 Id
478 733 562 775 feci
590 734 803 778 breuiter.
837 733 1044 777 Interfuit
1074 733 1146 775 vni
1187 740 1265 775 aut
1303 733 1429 775 alteri
1462 735 1675 776 exhorta-

55 810 179 854 tioni.
212 811 217 868 Ι

143 887 247 942 dei
275 902 438 930 nouam
477 888 756 942 Angrenam:
793 885 961 941 placuit
990 886 1115 928 locus
1145 893 1189 929 et
1217 887 1378 930 domus
1409 886 1672 941 amplitudo:

54 963 240 1021 probaui
263 964 530 1007 sententiam
556 963 718 1014 Patris,
745 970 793 1004 vt
815 962 904 1005 illic
927 962 1238 1005 institueretur
1262 962 1519 1020 collegium.

146 1047 252 1102 Egit
275 1049 409 1090 Pater
431 1060 533 1088 cum
556 1045 769 1088 cardinali
792 1045 1084 1101 Armignaco,
1113 1045 1188 1100 qui
1218 1046 1274 1088 ad
1302 1046 1450 1089 aulam
1479 1060 1533 1088 eo
1565 1052 1674 1089 tem-

59 1138 166 1180 pore
189 1131 386 1175 venerat,
414 1124 469 1165 de
492 1122 683 1178 collegio
705 1124 911 1166 rutheno.
936 1123 1091 1177 Itaque
1119 1122 1380 1165 inchoatum
1409 1130 1478 1165 est
1505 1129 1676 1178 postea.

60 1200 358 1244 Discessimus
382 1199 514 1242 simul
537 1201 791 1242 Tornacum
818 1200 846 1240 ¹.

117 1320 231 1361 199
252 1333 285 1361 v
765 1331 970 1360 TORNACI

149 1431 252 1483 Hic,
278 1446 349 1474 me
372 1445 473 1473 cum
497 1430 688 1473 Ximene
710 1429 882 1481 relicto,
909 1437 1176 1485 prosecutus
1204 1437 1272 1472 est
1303 1429 1386 1472 iter
1415 1444 1546 1471 suum
1580 1430 1682 1472 Tri-

58 1510 247 1551 dentum
286 1510 421 1551 Pater
458 1521 559 1549 curn
596 1506 689 1549 suis
717 1513 762 1549 et
794 1520 893 1548 meo
927 1507 940 1526 ²
977 1508 1243 1549 Bertranno.
1282 1507 1348 1548 Ex
1381 1506 1539 1549 itinere
1571 1505 1684 1548 vidit

62 1585 302 1641 collegium
324 1584 601 1636 louaniense,
627 1583 867 1639 collegium
891 1582 1164 1634 coloniense,
1193 1582 1455 1634 treuirense,
1488 1596 1683 1639 magun-

64 1662 222 1714 tinum,
247 1687 304 1692 —
325 1687 383 1692 --
405 1662 436 1712 ⁵,
462 1662 644 1702 domum
673 1667 994 1716 augustanam,
1026 1659 1267 1715 collegium
1292 1659 1608 1702 monachiense
1641 1666 1687 1703 et

65 1739 431 1795 oenipontanum,
458 1738 518 1780 ita
541 1746 689 1780 tamen
711 1745 760 1778 vt
782 1751 870 1779 non
895 1736 1111 1788 visitaret,
1138 1736 1247 1778 nihil
1270 1736 1403 1780 etiam
1434 1737 1525 1779 fere
1556 1751 1686 1791 prae-

66 1815 296 1866 scriberet,
329 1814 477 1857 omnia
506 1828 613 1857 vero
642 1813 871 1868 reijciebat
899 1814 956 1855 ad
993 1827 1141 1855 meum
1181 1814 1427 1856 aduentum
1459 1819 1504 1855 et
1531 1812 1688 1856 visita-

69 1892 249 1935 tionem.
277 1890 471 1934 Tornaci
489 1890 628 1946 igitur
645 1889 841 1943 visitaui,
861 1897 947 1932 etc.

154 1969 286 2011 200
348 1969 564 2010 Inchoata
586 1974 654 2009 est
676 1967 839 2009 domus
867 1965 1253 2009 commensalium.
1287 1967 1528 2010 Inchoatae
1556 1968 1690 2009 scho-

66 2047 150 2090 lae.
177 2044 281 2088 Dixi
304 2052 352 2086 vt
375 2059 483 2087 cura
508 2041 792 2102 pecuniari[a]
817 2044 978 2085 domus
1009 2042 1381 2086 commensalium
1405 2044 1588 2087 daretur
1615 2057 1691 2085 ca-

69 2121 258 2173 nonicis,
284 2122 355 2165 vel
378 2120 560 2164 omnino
582 2119 714 2163 alicui
738 2119 928 2163 seculari
950 2119 1136 2161 homini:
1169 2133 1260 2161 non
1292 2120 1496 2162 fecerunt
1525 2126 1687 2162 tamen.

159 2198 339 2242 Acriter
360 2198 454 2254 egit
484 2198 603 2253 apud
620 2212 691 2240 me
709 2195 909 2239 medicus
927 2209 1089 2239 caecus
1107 2196 1163 2239 de
1180 2195 1277 2239 iure
1294 2196 1370 2251 filij
1392 2195 1620 2239 Hermetis
1638 2196 1693 2237 ad

73 2278 200 2319 bona>
222 2283 406 2332 paterna
431 2275 463 2327 ⁴,
495 2274 567 2316 cui
591 2280 849 2316 constanter
871 2272 1083 2328 respondi
1112 2288 1166 2316 ex
1194 2272 1417 2315 instituto.
1451 2272 1696 2315 Titubabat

73 2352 161 2395 iam
179 2360 274 2394 tum
292 2351 475 2394 alterius
490 2349 586 2408 [sic]
604 2350 723 2392 filius
742 2349 1001 2400 canonicus,
1023 2348 1229 2391 consului
1247 2356 1294 2390 vt
1322 2348 1327 2406 Ι
1355 2349 1586 2404 paululum
1604 2349 1697 2391 Co-

73 2429 238 2471 loniam
255 2428 354 2480 iret,
377 2435 421 2471 et
438 2434 556 2470 esset
574 2442 676 2469 cum
700 2425 928 2468 fratribus.
949 2425 1090 2477 Fecit,
1110 2433 1267 2481 postea
1283 2424 1421 2469 edidit
1438 2425 1699 2476 vota,.venit

72 2506 209 2549 etiam
231 2507 434 2558 Romam,
459 2518 617 2547 verum
639 2517 814 2558 semper
845 2502 993 2544 animo
1022 2501 1310 2544 inconstanti.
1342 2500 1549 2555 Denique
1577 2516 1698 2567 nunc

148 2626 159 2645 ¹
210 2624 295 2658 Fol.
325 2631 389 2668 199
408 2635 438 2657 r.
459 2633 625 2656 vacuum
644 2621 822 2656 relictum
841 2626 918 2655 est.

146 2683 160 2704 ²
209 2683 306 2726 Ms.,
326 2694 386 2716 me
405 2693 506 2716 meo.

147 2743 160 2762 ³
209 2742 279 2776 Est
315 2752 455 2776 nornen
493 2741 657 2775 obscure
683 2744 882 2773 exaratum
909 2737 1012 2785 quod
1048 2738 1272 2784 dilingense
1304 2735 1491 2783 scriptum
1522 2735 1695 2772 videtur.

74 2800 155 2835 Sed
171 2800 378 2845 collegium
397 2799 493 2834 illud
511 2798 681 2834 nondum
706 2802 798 2832 tunc
823 2797 1007 2843 temporis
1032 2796 1254 2831 institutum
1281 2794 1421 2841 fuerat,
1453 2806 1525 2830 nec
1555 2794 1603 2831 de
1635 2796 1701 2831 illo

77 2859 315 2894 mentionem
337 2858 430 2893 facit
453 2859 656 2900 Polancus,
676 2857 841 2902 collegia
864 2868 885 2890 a
904 2856 1047 2890 Lainez
1066 2855 1297 2901 perlustrata
1315 2865 1543 2901 recensens,¹
1559 2855 1598 2890 in
1624 2856 1703 2902 epi—

78 2918 181 2952 stola
198 2917 246 2952 ad
263 2917 458 2963 Borgiam,
477 2915 654 2951 Tridenti
674 2923 714 2959 15
736 2914 903 2960 Augusti
922 2914 1028 2949 data.
1077 2949 1084 2959 ,

155 2979 170 2998 ⁴
219 2977 295 3012 Ms.
308 3005 316 3022 ,
331 2979 516 3023 paterno.
