1958 3210
221 139 286 176 130
776 143 913 178 Emsr.
941 142 985 178 P.
1014 142 1295 180 NADAL—-223

218 249 264 284 et
286 242 438 285 literas
460 242 627 286 mensis
649 242 885 297 mittimus,
911 251 956 287 et
978 244 1220 301 collegium
1239 253 1384 289 totum
1401 245 1611 302 precibus
1629 259 1681 288 ac
1698 251 1857 301 patro·

218 318 337 361 cinio
373 319 428 361 R.
470 320 523 361 T.
566 318 795 363 humiliter
832 322 1217 365 commendamus.
1256 322 1488 376 Coloniae,
1524 338 1551 380 9
1583 321 1858 365 Novembris

227 396 352 448 1562.

979 552 1104 592 2⁴23

695 637 738 672 P.
768 636 1008 683 JOANNES
1035 640 1105 674 DE
1131 639 1382 678 POLANCO

864 727 913 750 ex
938 716 1213 752 commissione

478 794 723 836 PATRI
777 794 1275 840 HIERONYMO
1329 797 1607 839 NADAL

677 891 899 927 TRIDENTI,
930 891 972 918 10
998 892 1238 920 NOVEMssms
1268 885 1357 929 1562
1387 887 1412 920 ¹.

227 959 317 994 Non
335 962 390 994 est
407 960 588 1006 epistola,
604 962 672 995 sed
685 962 965 1007 compendiosa
980 962 1176 998 indicatio
1194 974 1346 1004 rerum,
1363 964 1410 998 de
1428 963 1569 1009 quibus
1587 963 1640 997 ad
1659 963 1707 996 P.
1728 961 1867 997 Nadal

298 1019 504 1061 scribitur,
523 1031 592 1061 sc.‚
611 1021 658 1055 de
676 1020 763 1065 ejus
776 1021 1026 1067 profectione
1057 1022 1316 1064 Tridentum,
1336 1024 1383 1058 de
1401 1023 1581 1064 concilio,
1601 1022 1648 1057 de
1667 1021 1781 1056 libris
1805 1033 1869 1056 ac-

295 1079 429 1125 ceptiS,
449 1079 496 1114 de
517 1080 649 1114 Paiva
667 1083 808 1114 contra
826 1079 1099 1116 Chemnitium
1113 1083 1328 1128 scripturo,
1345 1083 1391 1118 de
1407 1082 1554 1117 litteris
1566 1081 1797 1128 patentibus
1815 1081 1869 1115 le-

294 1141 504 1184 gatorum,
525 1139 571 1173 de
584 1139 835 1185 professione
854 1141 1026 1175 doctoris
1051 1141 1207 1183 Torres,
1227 1144 1297 1176 etc.

322 1248 492 1292 Eodem
514 1247 587 1292 die
608 1246 645 1289 si
669 1247 835 1303 replica
857 1249 914 1292 de
936 1263 1019 1291 sua
1042 1256 1210 1293 uenvta
1233 1249 1279 1291 in
1307 1264 1397 1305 qua
1418 1264 1442 1293 e
1464 1250 1629 1292 andata
1656 1248 1704 1291 in
1727 1248 1869 1293 Vien-

234 1340 307 1377 na,
334 1338 463 1368 come
483 1325 634 1369 l’altre
658 1325 803 1377 uolte,
829 1332 874 1368 et
896 1339 946 1368 se
968 1325 998 1367 li
1021 1326 1170 1368 danno
1192 1341 1345 1370 nuoue
1367 1326 1440 1370 del
1462 1325 1678 1378 concilio,
1706 1332 1751 1370 et
1768 1325 1875 1368 delli

234 1400 335 1444 libri
359 1401 521 1458 gionti,
547 1409 592 1445 et
615 1403 671 1446 de
693 1404 881 1445 mandar
905 1402 1042 1458 quelli
1063 1402 1108 1446 di
1131 1386 1370 1460 Augusta,
1404 1410 1449 1446 et
1476 1404 1549 1446 del
1572 1402 1713 1447 Paiua
1743 1403 1757 1424 ²
1788 1404 1875 1445 che

237 1479 514 1534 respondera
535 1494 561 1522 a
583 1477 819 1523 Kemnizio
843 1480 857 1500 ³
887 1487 933 1523 et
962 1481 1080 1524 della
1117 1481 1277 1524 lettera
1313 1488 1359 1524 et
1396 1487 1580 1537 patente
1617 1479 1721 1523 delli
1749 1480 1877 1536 lega—

239 1596 329 1626 actu
348 1591 533 1627 adhibere
551 1591 876 1628 consuevimus.»
895 1593 1088 1637 HANSEN‚
1108 1594 1181 1628 loc.
1208 1593 1299 1639 eit.‚
1325 1604 1414 1640 pag.
1441 1593 1525 1638 466,
1550 1593 1633 1637 467.
1660 1593 1709 1628 Et
1732 1604 1774 1627 re
1796 1592 1881 1639 qui—

241 1651 330 1686 dem
350 1663 457 1696 vera,
477 1651 569 1686 licet
587 1664 689 1687 anno
711 1659 800 1697 1557
820 1664 955 1687 mense
974 1653 1176 1687 Februarii
1194 1658 1381 1688 renovata
1400 1653 1528 1688 studia
1546 1652 1691 1688 fuerint
1710 1652 1749 1687 in
1766 1652 1885 1687 colle-

241 1712 308 1757 gio
326 1711 557 1757 coloniensi,
578 1717 621 1748 ut
639 1717 792 1747 constat
810 1724 859 1747 ex
877 1713 1216 1758 REIFFENSBERG,
1237 1714 1310 1748 loc.
1331 1712 1415 1758 cit.‚
1435 1713 1503 1748 lib.
1526 1713 1598 1758 III,
1622 1724 1707 1759 cap.
1731 1721 1788 1758 111,
1813 1711 1880 1747 ubi

244 1772 340 1806 haec
365 1772 498 1806 habet:
528 1771 757 1806 «Publicum
782 1771 863 1817 jam
894 1771 1050 1806 demum
1081 1771 1211 1818 adepti
1242 1772 1521 1818 Gymnasium,
1554 1771 1705 1806 Ludum
1732 1771 1886 1818 aperui-

247 1842 332 1866 mus
351 1840 406 1866 XV
426 1832 512 1866 Kal.
534 1831 692 1866 Martias
707 1833 767 1875 (15
786 1832 919 1870 Febr.)
944 1831 1057 1866 affixo
1087 1831 1126 1866 in
1157 1832 1376 1866 scholarum
1407 1831 1549 1867 vicinia
1578 1831 1884 1878 praelectionum

246 1890 511 1925 habendarum
529 1892 746 1936 catalogo»;
767 1896 938 1926 attamen
957 1890 1215 1926 communiter
1240 1903 1322 1926 mos
1336 1891 1489 1926 ferebat
1508 1890 1548 1926 in
1562 1890 1795 1927 Germaniae
1809 1891 1889 1925 col—

247 1949 362 1995 legiis
382 1950 511 1985 studia
529 1950 589 1985 bis
608 1950 647 1985 in
666 1962 767 1985 anno
790 1962 994 1996 renovare,
1019 1949 1189 1985 scilicet:
1223 1962 1357 1986 mense
1393 1950 1539 1998 Aprili,
1570 1950 1673 1986 circa
1701 1949 1805 1985 diem
1842 1948 1891 1984 231

250 2009 292 2044 S.
312 2009 483 2055 Georgio
502 2021 665 2054 sacram,
685 2015 724 2044 et
742 2021 877 2045 mense
893 2010 1107 2045 Novembri
1125 2010 1226 2045 circa
1240 2010 1343 2046 diem
1367 2019 1423 2055 11,
1446 2011 1491 2046 S.
1516 2010 1682 2045 Martino
1705 2009 1886 2045 dicatam.

250 2068 310 2105 Cf.
331 2069 578 2115 PACHTLER,
598 2071 718 2105 Ratio
735 2071 963 2105 studiormn
983 2074 1019 2105 et
1038 2070 1169 2105 Instit.
1190 2071 1307 2106 schol.
1329 2071 1486 2117 Soc.J.,
1507 2072 1523 2105 I
1536 2099 1545 2117 ,
1567 2071 1647 2115 167.

324 2131 333 2150 ¹
386 2129 444 2163 Ex
462 2129 611 2174 Regest
632 2156 640 2173 ,
664 2128 758 2164 Cod.
781 2139 837 2175 33,
860 2129 911 2174 c),
932 2129 998 2164 fol.
1020 2128 1064 2174 35
1083 2131 1219 2165 v.-—In
1236 2130 1423 2176 margine:
1445 2131 1518 2165 Pss
1535 2129 1695 2165 Natale.

322 2190 335 2209 2
389 2187 560 2223 Didacus
578 2188 627 2223 de
646 2188 764 2223 Paiva
783 2189 831 2223 de
852 2188 1049 2234 Andrada,
1068 2201 1185 2235 quem
1203 2190 1382 2225 HURTER
1395 2218 1404 2235 ,
1429 2189 1734 2224 Nomenclatore
1753 2189 1893 2224 litera-

250 2248 327 2289 ·rio‚
348 2248 379 2292 1,
400 2257 444 2283 20
462 2247 716 2295 (Oeniponte,
739 2248 844 2293 1892)
860 2247 1131 2295 «hispanorum
1146 2249 1317 2284 omnium
1332 2248 1652 2284 celeberrimum»
1669 2247 1890 2294 theologiae

252 2308 466 2354 polemicae
485 2309 713 2355 scriptorem
733 2307 921 2354 nominat,
941 2309 1014 2343 sub
1032 2308 1282 2355 hispanorum
1307 2308 1463 2343 nomine
1486 2310 1752 2355 complectens
1771 2307 1893 2343 etiam

252 2367 456 2403 lusitanos.
478 2369 538 2404 De
557 2368 642 2414 ejus
661 2369 760 2404 libro
777 2373 911 2403 contra
929 2367 1195 2403 Chemnitium
1214 2373 1253 2403 et
1270 2368 1319 2403 de
1340 2367 1467 2403 Patris
1483 2368 1605 2403 Nadal
1620 2379 1688 2414 pro
1702 2368 1769 2403 illo
1782 2367 1892 2402 ador-

253 2427 380 2463 nando
399 2428 690 2475 cooperatione,
711 2428 821 2474 plura
837 2428 1010 2474 reperies
1030 2427 1143 2472 infra,
1163 2427 1278 2473 epist.
1299 2427 1383 2473 226,
1402 2440 1468 2463 nn.
1490 2436 1566 2473 2-5,
1584 2439 1672 2463 cum
1688 2432 1820 2462 annot.

327 2488 341 2508 ⁵
392 2487 466 2523 Die
495 2497 537 2532 14
563 2487 807 2534 Septembris
837 2487 952 2533 hujus
983 2487 1089 2533 anni,
1121 2487 1311 2522 Polancus
1342 2499 1391 2522 ex
1417 2486 1692 2522 commissione
1719 2488 1816 2521 haec
1846 2485 1895 2520 ad

258 2548 302 2581 Β.
322 2547 481 2582 Petrum
497 2547 698 2583 Canisium
717 2547 977 2582 scribebam...
999 2547 1141 2582 «Molto
1165 2547 1409 2582 desideramo
1428 2547 1607 2582 intender
1634 2548 1772 2581 alcuna
1797 2556 1900 2580 noua

259 2606 321 2641 del
340 2607 406 2642 P.e
427 2607 556 2642 Natal.
577 2607 656 2653 Qui
675 2607 791 2643 credo
810 2606 844 2642 si
861 2606 1123 2642 mandaranno
1138 2608 1275 2642 alcune
1295 2608 1435 2642 lettere
1455 2619 1522 2653 per
1537 2606 1606 2651 lui,
1622 2617 1733 2641 come
1748 2605 1781 2640 si
1796 2616 1903 2640 man—

259 2666 380 2701 dorno
398 2668 495 2702 altre
515 2668 551 2702 la
569 2667 777 2702 settimana
796 2671 963 2713 passata.
985 2665 1035 2701 Di
1053 2667 1143 2713 quel
1163 2666 1262 2701 libro
1280 2667 1352 2701 che
1373 2666 1514 2701 scrisse
1540 2666 1744 2700 Kemnicio
1761 2667 1905 2700 contra·-

251 2726 435 2771 Jesuitas
453 2726 603 2772 pareria
622 2727 699 2761 ben
717 2738 739 2761 a
764 2727 813 2761 N.
840 2727 906 2761 Ρ.Ε
927 2726 1058 2772 quello
1084 2726 1156 2760 che
1175 2726 1302 2761 seriue
1328 2727 1364 2761 la
1388 2727 1435 2760 R.
1463 2726 1511 2761 V.
1540 2726 1612 2759 che
1643 2725 1837 2771 qualcuno
1862 2722 1902 2757 di

262 2785 480 2820 fuoradella
489 2785 731 2832 Compagnia
746 2786 931 2832 pigliasse
946 2790 1084 2833 questo
1099 2790 1304 2830 assumtto,
1321 2784 1478 2820 dandoli
1492 2784 1652 2830 ragione
1667 2783 1788 2830 quelli
1801 2782 1906 2817 della

263 2843 506 2891 Compagnia
529 2845 631 2881 delle
661 2845 855 2881 calumnie
879 2844 918 2880 di
943 2846 1072 2892 quest’
1098 2845 1252 2880 huomo.
1279 2844 1331 2880 Se
1363 2845 1410 2879 V.
1438 2845 1485 2880 R.
1511 2842 1668 2879 hauessi
1697 2848 1843 2889 tempo,
1870 2841 1903 2875 si

261 2903 379 2939 crede
406 2905 555 2940 notaria
579 2907 699 2940 molto
723 2907 824 2940 bene
849 2905 875 2940 li
899 2903 1011 2951 punti
1034 2904 1266 2948 necessarii,
1286 2910 1326 2939 et
1343 2905 1465 2939 anche
1484 2903 1646 2939 farebbe
1666 2904 1701 2938 la
1720 2902 1902 2948 risposta3

262 2975 324 2998 ma
342 2975 410 3010 per
430 2964 587 2999 uederlo
607 2970 715 3000 tanto
734 2966 810 3000 ben
830 2969 1034 3010 occupato,
1053 2975 1130 2998 non
1149 2975 1191 2998 se
1210 2964 1236 2998 li
1254 2963 1303 2998 da
1320 2968 1460 3010 questo
1479 2974 1611 3009 peso.»
1632 2962 1689 2997 Ex
1714 2961 1879 3006 Regest.
1892 2988 1904 3006 ,
