1958 3210
253 144 324 189 374
796 145 921 180 EPIST
930 170 939 179 .
972 145 1015 179 P.
1045 145 1316 191 NADAL—3o7

247 246 358 302 Jesu
376 244 710 287 commissarius
728 244 969 300 generalis,
991 246 1210 302 magistro
1229 248 1474 293 Laurentio
1497 248 1667 305 Magio,
1689 249 1893 295 eiusdem

252 321 492 365 Societatis
515 321 717 376 professo
744 323 772 375 ¹,
799 322 991 366 salutem
1014 322 1060 365 in
1084 323 1280 366 Domino
1303 324 1637 381 sempiternam.

344 397 549 440 Prouidit
571 398 949 443 clementissimus
973 401 1109 444 Pater
1131 402 1257 444 Deus
1280 417 1388 445 suae
1411 402 1629 447 ecclesiae
1651 403 1892 460 sapientis-
1942 409 1946 466 ¹

250 475 374 517 sime.
403 476 507 517 Non
530 474 649 519 enim
672 475 718 517 in
740 490 794 518 ea
816 476 962 518 solum
987 478 1215 532 apostolos
1243 485 1287 522 et
1316 479 1402 522 alia
1423 479 1694 523 charismata
1721 470 1889 537 posuit,
1919 523 1921 525 ,

250 552 330 595 sed
363 553 572 595 doctores
600 552 735 596 etiam
766 554 822 596 ad
851 555 1288 600 consummationem
1314 564 1577 600 sanctorum
1601 557 1648 600 in
1669 572 1783 614 opus
1805 558 1890 601 mi-
1923 589 1928 595 -

249 628 437 672 nisterii.
465 630 599 672 Hanc
621 637 916 685 potestatem,
942 646 968 673 a
993 633 1092 675 Deo
1115 640 1364 689 acceptam,
1390 642 1587 687 exercet,
1614 642 1659 679 et
1688 635 1893 692 legitime

249 713 294 748 et
317 705 610 761 prouidenter
640 707 832 751 ecclesia
861 715 1033 751 sancta.
1072 710 1229 765 Itaque
1261 712 1470 755 doctores
1499 711 1681 756 diuinae
1710 711 1890 768 sapien-

249 782 338 827 tiae
361 784 509 840 (quam
536 785 812 840 theologiam
834 786 1066 843 uocamus)
1091 787 1300 844 designat
1326 795 1462 843 atque
1484 788 1697 842 instituit,
1719 789 1795 844 qui
1818 803 1893 832 sa-

247 873 346 902 cras
368 860 522 904 literas
544 875 787 917 sacrosque
811 863 1020 907 doctores
1043 878 1095 907 ac
1121 864 1379 909 uniuersam
1404 865 1681 922 theologiam
1710 881 1791 922 pro
1815 881 1890 910 ac-

247 945 378 993 cepta
406 938 675 982 auctoritate
704 939 1060 996 interpretentur
1089 956 1141 985 ac.
1170 943 1378 986 doceant.
1415 943 1668 1000 Coniungit
1704 958 1813 987 uero
1845 944 1892 988 in

246 1014 300 1058 iis
329 1015 501 1058 artibus
531 1016 795 1072 magistros,
829 1017 905 1072 qui
935 1018 992 1062 ad
1024 1019 1278 1076 theologiae
1312 1020 1462 1063 studia
1495 1021 1628 1065 utiles
1657 1036 1757 1066 esse
1784 1037 1890 1078 pos-

246 1098 368 1134 sunt.
405 1092 678 1136 Societatem
712 1101 864 1138 autem
887 1097 999 1152 Jesu
1028 1095 1125 1140 iure
1157 1104 1202 1140 et
1232 1097 1389 1140 ordine
1418 1098 1474 1141 ab
1512 1099 1702 1143 ecclesia
1734 1107 1892 1143 sancta

245 1170 444 1224 sedeque
467 1170 714 1226 apostolica
736 1171 970 1227 probatam
1000 1180 1045 1215 et
1073 1173 1277 1230 legitime
1307 1176 1633 1228 confirmatam,
1666 1191 1769 1219 cum
1799 1176 1889 1220 sci—

245 1254 314 1290 ret
337 1247 494 1291 eadem
518 1255 675 1291 sancta
697 1249 828 1293 sedes
851 1264 907 1292 ex
929 1249 1139 1294 instituto
1163 1253 1346 1304 habere,
1374 1260 1424 1294 ut
1447 1253 1656 1310 religiose
1679 1253 1725 1296 in
1754 1254 1888 1309 spiri-

246 1330 318 1366 tus
342 1324 631 1368 deuotionem
655 1340 707 1368 ac
730 1340 885 1370 sacrae
909 1327 1164 1384 theologiae
1187 1329 1336 1371 studia
1359 1329 1659 1383 incumberet,
1686 1338 1730 1374 et
1753 1331 1889 1374 simul

244 1402 480 1445 commode
505 1410 763 1446 uersaretur
785 1403 832 1446 in
855 1404 1054 1447 omnium
1080 1405 1311 1449 literarum
1336 1407 1512 1459 studiis,
1539 1422 1655 1462 quae
1677 1409 1733 1452 ad
1757 1410 1887 1452 theo-

245 1478 412 1534 logiam
442 1480 650 1523 conferre
685 1488 903 1536 possunt;
936 1489 984 1524 vt
1020 1482 1186 1526 maiore
1223 1498 1326 1526 cum
1357 1485 1507 1527 fructu
1537 1485 1593 1528 ad
1622 1485 1794 1528 animas
1816 1485 1886 1528 iu-

242 1557 430 1610 vandas,
456 1556 533 1612 qui
556 1564 625 1601 est
654 1558 756 1601 finis
785 1558 1040 1612 Societatis,
1067 1575 1247 1616 operam
1272 1562 1378 1605 dare
1401 1569 1569 1618 posset3
1596 1564 1754 1606 florere
1777 1577 1888 1607 uero

243 1634 418 1677 uideret
435 1634 480 1676 in
499 1635 740 1679 Societatis
758 1636 1000 1680 academiis
1018 1645 1063 1681 et
1080 1638 1259 1694 pietatis
1278 1646 1322 1684 et
1341 1640 1598 1696 theologiae
1616 1648 1660 1683 et
1683 1640 1886 1683 omnium

239 1711 470 1755 literarum
494 1712 658 1766 studia3
685 1714 886 1770 prouidit
908 1716 1178 1759 auctoritate
1201 1716 1447 1772 apostolica
1470 1716 1714 1773 sapienter,
1742 1726 1792 1760 ut
1815 1718 1882 1761 fa—

240 1789 386 1832 cultas
425 1797 545 1834 esset
573 1790 619 1832 in
648 1791 877 1835 Societate
900 1794 1028 1849 JeSU,
1061 1808 1150 1848 qua
1179 1793 1355 1837 institui
1384 1802 1586 1850 possent,
1619 1810 1710 1838 non
1739 1795 1885 1839 solum

240 1866 449 1911 doctores
478 1867 524 1909 in
553 1882 680 1911 sacra
710 1869 958 1926 theologia,
990 1871 1070 1914 sed
1099 1871 1144 1913 in
1175 1871 1346 1914 artibus
1377 1872 1513 1916 etiam
1551 1872 1812 1916 liberalibus
1840 1880 1887 1914 et

239 1943 525 2000 philosophia
553 1945 776 2001 magistri,
814 1961 866 1989 ac
896 1948 1056 2004 reliqui
1087 1950 1257 2005 gradus
1288 1949 1562 2003 scholastici,
1599 1949 1675 2005 qui
1713 1951 1768 1993 ad
1801 1952 1887 1995 hos

238 2020 449 2073 attinent,
476 2022 687 2065 conferri:
714 2038 849 2079 quam
876 2025 1136 2069 facultatem
1160 2026 1325 2082 passim
1350 2034 1531 2072 exercet
1554 2029 1776 2072 hactenus
1794 2030 1886 2074 So-

237 2097 394 2142 cietas.
421 2100 538 2142 Cum
563 2099 704 2156 igitur
728 2107 787 2153 te,
816 2103 999 2146 Patrem
1022 2103 1319 2148 Laurentium
1344 2104 1566 2161 Magium,
1593 2106 1846 2161 professum
1863 2108 1878 2127 ²

237 2175 386 2220 dictae
409 2176 664 2229 Societatis,
686 2177 731 2219 in
749 2178 922 2222 artibus
939 2179 1201 2224 liberalibus
1219 2195 1270 2224 ac
1290 2181 1575 2238 philosophia
1593 2182 1879 2239 magistrum,

237 2259 284 2295 et
306 2253 486 2309 collegii
509 2254 651 2297 nostri
673 2255 935 2299 viennensis
958 2264 1177 2300 rectorem
1209 2259 1241 2313 ⁵,
1274 2258 1493 2302 sciremus
1523 2260 1693 2304 Romae
1723 2259 1769 2303 in
1799 2275 1882 2303 no-

233 2337 327 2373 stra
355 2331 586 2375 academia
622 2332 826 2389 legitima
864 2334 1013 2376 studia
1049 2335 1306 2392 theologiae
1341 2337 1356 2356 4
1391 2336 1555 2380 eximio
1590 2351 1694 2380 cum
1729 2338 1882 2381 fructu

312 2428 321 2446 ¹
372 2426 476 2472 Tm.‚
505 2428 736 2463 scholastico
766 2429 999 2475 approbato.
1032 2429 1146 2464 Ratio
1177 2430 1292 2476 hujus
1319 2430 1555 2466 discriminis
1587 2431 1626 2467 in
1658 2431 1885 2467 testimonio

237 2484 467 2532 magisterii,
487 2492 548 2521 est
565 2487 656 2534 quia
674 2487 736 2522 hic
753 2487 898 2533 gradus
917 2489 1082 2523 collatus
1102 2489 1175 2524 fuit
1194 2490 1257 2525 die
1276 2501 1298 2533 o
1318 2490 1504 2537 Augusti,
1523 2502 1612 2526 cum
1631 2491 1673 2526 P.
1702 2491 1883 2537 Maggius

236 2544 408 2580 nondum
427 2545 712 2592 professionem
731 2547 928 2592 emiserat3
949 2549 1048 2584 hanc
1074 2550 1178 2584 enim
1203 2550 1266 2584 die
1292 2558 1337 2584 20
1363 2550 1540 2596 ejusdem
1566 2550 1711 2585 mensis
1737 2550 1884 2586 Vindo-

235 2605 361 2640 bonae
379 2607 634 2653 nuncupavit.
658 2607 755 2642 Vide
775 2607 889 2653 epist.
910 2606 995 2653 305,
1014 2620 1053 2644 n.
1075 2607 1110 2652 3,
1132 2609 1198 2644 ubi
1217 2621 1316 2656 quae
1335 2621 1356 2644 a
1373 2609 1502 2645 Natali
1517 2621 1586 2656 pro
1602 2609 1778 2656 ejusdem
1795 2602 1882 2655 gra-

235 2663 351 2699 dibus
377 2665 611 2702 academicis
636 2672 676 2702 et
702 2667 868 2702 solemni
898 2667 1142 2714 professione
1172 2669 1307 2704 Lainio
1334 2669 1531 2716 proposita
1561 2669 1716 2704 fuerant
1747 2680 1880 2716 appro-

237 2725 396 2760 bantur.

306 2786 320 2804 ‘2
370 2784 475 2830 Tm.‚
509 2786 789 2822 scholasticum
807 2786 1096 2834 approbatum,
1118 2794 1160 2823 ut
1179 2800 1312 2835 supra.

303 2843 317 2863 ³
368 2844 476 2880 Haec
496 2846 629 2881 verba:
652 2847 695 2881 in
714 2847 870 2882 artibus
888 2859 934 2882 ac
948 2847 1203 2894 philosophia
1229 2849 1491 2896 magistrum,
1517 2851 1554 2884 et
1572 2848 1733 2895 collegii
1751 2847 1881 2882 nostri

228 2902 459 2939 viennensis
478 2908 672 2942 rectorem
689 2906 833 2942 desunt
851 2906 891 2942 in
909 2907 996 2942 Tm.

304 2962 319 2982 ⁴
369 2963 472 3008 Tm.‚
492 2965 577 3000 loco
595 2967 816 3014 theologiae
834 2967 965 3002 h'abet:
986 2967 1141 3003 artium
1161 2972 1196 3004 et
1216 2968 1337 3003 totius
1349 2968 1637 3015 philosophiae.
