1958 3210
682 138 724 175 14
749 131 903 165 MARTJI
932 138 945 164 1
954 128 1021 174 563
1591 126 1657 170 235

126 237 165 280 6.
226 236 294 277 De
325 233 367 276 la
400 231 635 276 fundation
672 231 744 274 del
775 230 967 287 collegio
1000 231 1055 273 de
1089 232 1230 273 Roma
1262 244 1322 272 no
1351 244 1406 285 ay
1429 242 1515 284 que
1537 228 1658 272 dezir

38 320 149 365 otro,
175 311 272 354 sino
294 324 381 365 que
405 309 586 352 todauia
607 323 656 352 se
679 314 808 360 trata3
835 321 864 362 y
886 306 1143 350 osreciendo
1162 307 1202 349 el
1220 306 1428 349 cardenal
1444 306 1480 348 F
1483 304 1657 349 arnesio

38 391 81 436 al
100 386 367 433 embaxador
390 388 563 442 Bargas
586 384 747 429 6161165
770 384 953 426 abadias
976 398 1033 426 en
1057 384 1276 439 Portugal
1299 397 1404 438 para
1427 397 1480 425 su
1503 396 1656 437 perso-

38 482 109 519 na,
134 479 191 508 no
212 465 276 507 las
299 467 473 519 acepto,
498 461 705 505 diziendo
734 475 821 516 que
851 459 888 503 51
917 460 1084 516 alguna
1112 461 1292 502 merced
1313 460 1354 502 le
1376 463 1478 502 auia
1499 460 1555 502 de
1576 461 1658 501 ha-

39 558 126 595 zer,
150 556 199 585 se
220 540 525 584 conuertiesse
554 539 659 582 todo
691 542 716 581 6
742 544 929 581 6665110
960 536 1152 592 collegio
1182 538 1208 578 ¹.
1235 537 1305 579 No
1334 551 1382 579 se
1411 535 1531 580 tiene
1567 540 1657 578 666

0 637 1 652 l
39 621 80 663 la
115 617 269 661 ultima
306 615 558 660 resolucion
595 615 667 659 del
698 615 923 666 cardenal,
960 628 1139 668 aunque
1171 620 1322 668 presto
1353 627 1401 656 se
1429 612 1585 667 piensa
1616 614 1657 655 la

37 699 158 747 6616,
182 709 211 750 y
233 695 290 737 V.
312 695 365 736 R.
387 697 485 737 sera
502 692 686 735 auisada
703 692 772 736 del
792 705 1018 734 successo.
1040 690 1151 733 Dios
1169 690 1209 732 16
1232 690 1287 732 (16
1310 690 1414 744 qual
1436 693 1530 731 mas
1546 703 1653 731 con-

39 772 167 817 616116
187 785 292 827 para
314 784 367 813 56
390 769 596 813 56161610.
624 768 843 812 Tambien
865 768 906 812 61
928 767 1137 811 cardenal
1165 767 1221 809 de
1251 766 1443 821 Perogia
1466 766 1497 817 ⁶³,
1524 780 1651 808 como

36 864 85 893 se
104 848 356 892 1666616556
377 847 434 889 (16
455 847 497 889 16
518 860 660 898 cama,
682 859 880 901 pensaua
897 850 1035 886 tratar
1052 850 1147 888 este
1164 842 1355 899 negocio
1372 857 1479 898 muy
1497 844 1552 885 de
1571 858 1651 886 ue-

39 940 108 969 ras
133 938 218 967 606
246 924 288 966 61
318 924 527 968 cardenal
554 924 610 967 (16
641 922 785 974 (36515,
817 937 846 977 y
875 921 912 964 si
939 922 996 964 de
1024 921 1192 977 alguno
1219 921 1371 964 destos
1401 934 1458 962 no
1496 933 1544 961 56
1565 921 1652 961 116-

39 1043 100 1089 115,
118 1041 344 1078 Tridentum
363 1054 405 1077 se
423 1041 603 1077 contulit.
628 1043 687 1076 De
705 1041 770 1077 illo
789 1041 979 1075 Polancus
998 1039 1199 1083 Madridio‚
1222 1047 1265 1084 14
1288 1038 1430 1084 Martii,
1449 1039 1544 1072 11666
1562 1037 1652 1072 5611-

39 1103 165 1139 bebat:
186 1101 263 1137 «Su
280 1101 467 1137 hazienda
485 1101 670 1148 principal
689 1112 738 1136 no
757 1102 792 1136 16
811 1100 912 1146 pudo
932 1099 1091 1143 uender,
1118 1110 1263 1145 porque
1288 1100 1371 1133 6516
1400 1110 1448 1132 66
1471 1102 1582 1131 16616
1605 1096 1652 1130 (16

37 1162 144 1198 61660
161 1172 227 1208 901
244 1160 387 1204 616610,
405 1173 481 1208 que
500 1172 550 1207 oy
565 1172 613 1195 en
631 1160 693 1195 dia
711 1161 767 1195 165
786 1171 924 1206 961666
943 1171 1035 1205 muy
1049 1160 1149 1193 baxo
1164 1157 1293 1204 precio
1307 1160 1328 1193 6
1346 1159 1402 1192 105
1417 1168 1491 1203 que
1510 1156 1654 1191 desean

38 1223 115 1257 11165
131 1231 291 1266 gruesas
308 1220 523 1266 ganantias:
545 1221 579 1255 el
598 1219 723 1255 fructo
742 1231 784 1254 56
802 1221 942 1264 6ος616
959 1218 1007 1253 (16
1026 1219 1090 1252 alli
1109 1229 1198 1264 para
1216 1217 1350 1252 Roma.
1367 1217 1486 1251 Hales
1504 1215 1655 1250 dexado

38 1279 152 1327 podet
168 1278 216 1314 de
235 1279 394 1321 uender,
415 1291 489 1314 con
507 1279 666 1326 perdida
684 1278 732 1314 de
749 1279 860 1313 hasta
879 1287 948 1313 200
967 1277 1150 1321 ducados,
1170 1278 1261 1311 alos
1279 1287 1354 1322 que
1370 1276 1434 1310 alli
1453 1276 1575 1309 hazen
1590 1286 1655 1309 sus

39 1349 160 1375 cosas:
179 1351 204 1385 y
223 1339 254 1374 51
273 1351 315 1374 56
334 1338 532 1383 uendiere,
552 1340 667 1384 luego
686 1349 727 1373 56
756 1338 926 1373 6111131616
950 1340 972 1371 6
995 1337 1116 1371 Roma
1142 1337 1176 1370 61
1206 1335 1357 1370 (116610.
1387 1326 1431 1369 1231
1457 1336 1539 1369 esta
1568 1344 1655 1368 6016

40 1400 126 1445 aqui
143 1409 191 1433 en
209 1398 368 1444 Trento,
387 1410 436 1433 no
454 1410 497 1433 56
516 1397 681 1434 66166ᾶο
698 1396 964 1432 determinado
984 1396 1037 1431 N.
1061 1396 1109 1430 P.
1134 1395 1166 1430 si
1185 1396 1220 1430 le
1238 1395 1286 1429 ha
1303 1394 1351 1429 de
1371 1394 1518 1429 embiar
1532 1395 1552 1428 6
1567 1393 1655 1427 Α16-

42 1460 162 1499 maffia,
187 1460 209 1492 ό
233 1457 431 1493 (161666116
457 1469 506 1492 66
530 1457 653 1493 Italia:
679 1469 705 1503 y
729 1456 901 1491 tambien
925 1467 993 1503 por
1017 1456 1179 1501 algunos
1205 1454 1287 1489 dias
1306 1455 1484 1499 holgarse
1502 1454 1550 1487 ha
1569 1454 1655 1498 aqui

39 1527 110 1551 con
138 1522 328 1563 nosotros,
359 1516 523 1552 auiendo
554 1515 743 1563 escapado
773 1515 821 1551 de
852 1515 1011 1562 Egipto.
1024 1528 1039 1548 »
1066 1516 1124 1549 Ex
1149 1515 1372 1559 archetypo,
1405 1511 1501 1548 Cod.
1533 1512 1655 1553 PLE,

45 1573 107 1610 113
123 1574 215 1620 (33).

112 1637 121 1656 ¹
170 1636 227 1670 Ex
245 1635 304 1671 his
322 1647 420 1682 quae
445 1636 635 1671 Polancus
659 1634 794 1670 scribit
817 1633 865 1669 de
889 1635 942 1668 D.
974 1632 1178 1668 Francisco
1205 1631 1252 1666 de
1277 1631 1440 1676 vargas,
1467 1635 1506 1665 61
1525 1627 1653 1672 exiis,

41 1705 135 1740 quae
153 1695 343 1741 superiuS‚
364 1695 481 1742 69151.
507 1703 588 1740 254,
609 1707 651 1730 n.
674 1693 708 1736 3,
729 1694 777 1729 de
797 1693 931 1728 eodem
950 1692 1158 1738 referebat,
1176 1693 1279 1726 clare
1303 1690 1426 1737 liquet
1452 1688 1566 1734 hujus
1584 1687 1657 1723 viri

40 1763 143 1788 amor
160 1758 199 1788 et
216 1754 489 1789 benevolentia
507 1765 599 1799 erga
618 1754 870 1789 Societatem.
892 1752 1041 1787 Similia
1059 1756 1286 1796 argumenta
1304 1748 1479 1795 depromi
1498 1752 1657 1794 possent

42 1823 88 1847 ex
105 1813 219 1848 variis
238 1813 329 1848 10615
352 1813 540 1849 Clzrouici
557 1814 682 1848 Patris
700 1813 882 1858 Polanco,
898 1817 937 1847 et
950 1811 1122 1846 aliunde.
1142 1810 1243 1845 Hinc
1261 1816 1418 1856 apparet
1436 1820 1549 1855 quam
1564 1806 1657 1843 levi-

42 1877 99 1907 ter
116 1877 154 1907 et
171 1871 253 1908 sine
271 1871 522 1908 fundamento
539 1873 682 1919 scripta
699 1872 854 1915 fuerint,
875 1883 973 1918 quae
999 1871 1061 1906 hic
1086 1869 1326 1916 subjicimus,
1352 1880 1400 1903 ex
1419 1868 1656 1903 VINCENTIO

41 1939 94 1966 DE
109 1941 161 1967 LA
179 1932 365 1974 FUENTE,
385 1933 570 1968 Historia
587 1933 827 1968 eclesiastica
851 1933 898 1966 de
916 1932 1094 1978 Espafia,
1115 1930 1164 1975 V,
1190 1928 1253 1964 281
1264 1957 1272 1975 ,
1290 1928 1529 1975 deprompta:
1557 1926 1654 1961 «Del

41 1990 173 2025 mismo
191 1991 338 2037 vargas
356 1992 431 2038 hay
449 2004 524 2027 una
542 1991 737 2026 invectiva
755 1990 913 2025 terrible
931 1995 1064 2025 contra
1083 1991 1138 2024 los
1153 1988 1331 2034 jesustas,
1347 1990 1369 2022 ὁ
1387 1988 1421 2022 61
1442 1998 1575 2021 menos
1595 1997 1657 2020 co-

41 2061 99 2084 rre
115 2061 187 2085 con
204 2062 250 2086 su
267 2052 442 2087 nombre.
461 2050 604 2086 Sabida
622 2062 663 2086 es
682 2051 717 2085 16
735 2049 943 2085 hostilidad
967 2049 1015 2084 de
1038 2049 1209 2084 Melchor
1233 2048 1340 2084 Cano
1364 2059 1389 2093 y
1414 2052 1517 2081 otros
1542 2046 1654 2080 hom-

41 2108 127 2144 bres
143 2110 358 2145 eminentes
376 2110 438 2145 del
457 2110 555 2156 siglo
572 2111 665 2145 XVI
682 2115 814 2145 contra
833 2110 944 2156 aque]
964 2109 1155 2144 instituto.
1172 2108 1232 2142 No
1250 2109 1452 2142 extranare
1472 2116 1546 2152 que
1561 2105 1653 2139 Var-

41 2178 108 2213 gas
124 2168 339 2204 adoleciese
356 2169 405 2205 de
424 2170 479 2204 165
494 2169 650 2205 16151665
668 2169 962 2216 prevenciones,
981 2169 1119 2203 mucho
1138 2169 1219 2202 11165
1243 2166 1393 2202 cuando
1420 2167 1475 2200 los
1491 2163 1654 2210 jesuitas

31 2237 83 2271 *se
100 2233 307 2264 1605116106
322 2240 370 2263 66
383 2229 528 2264 Trento
546 2239 641 2275 poco
655 2229 872 2264 favorables
887 2229 957 2263 616
972 2226 1173 2262 autoridad
1187 2226 1381 2273 episcopal
1402 2236 1449 2260 en
1469 2222 1656 2270 obsequio

41 2285 87 2321 de
105 2287 139 2322 la
155 2287 451 2323 centralizacion
468 2287 709 2334 pontificia.»
729 2288 837 2323 Haec
855 2288 920 2322 ille
938 2287 977 2322 in
996 2292 1123 2322 textu.
1156 2285 1234 2321 Sed
1258 2285 1296 2320 in
1320 2282 1567 2320 annotatione
1586 2281 1656 2316 ibi-

40 2344 126 2380 dem
143 2346 190 2381 ad
206 2348 351 2382 calcem
370 2347 493 2394 posita
510 2353 641 2393 negat,
662 2352 701 2382 et
719 2347 857 2382 merito
880 2346 1050 2393 quidem,
1077 2345 1323 2380 Franciscum
1349 2344 1498 2388 vargas
1525 2347 1655 2376 66610-

42 2415 119 2440 rem
136 2404 255 2441 fuisse
273 2406 377 2442 illius
395 2406 516 2442 libelli
535 2411 575 2441 et
592 2407 658 2442 ait:
680 2407 737 2442 «el
756 2406 889 2441 folleto
908 2418 950 2441 se
968 2406 1097 2442 titula:
1119 2405 1312 2451 Alplzonsi
1335 2404 1380 2438 de
1407 2403 1563 2448 Vargas
1587 2400 1656 2434 To-

42 2463 174 2509 letani,
195 2466 337 2501 relatio
355 2467 409 2501 ad
426 2467 551 2513 Reges
568 2469 604 2501 et
621 2467 831 2513 Principes
849 2466 1097 2506 christianos,
1117 2464 1282 2510 impresa
1297 2474 1345 2497 en
1362 2460 1451 2496 1636
1469 2460 1529 2496 sin
1546 2461 1655 2505 lugat

41 2522 88 2558 de
110 2523 334 2571 impresion.
370 2526 443 2560 Por
472 2525 622 2560 encima
646 2525 708 2560 del
733 2526 893 2560 nombre
917 2524 965 2559 de
990 2524 1137 2569 Vargas
1161 2522 1247 2557 dice
1272 2533 1321 2556 en
1345 2522 1473 2556 buena
1491 2520 1588 2554 letra
1606 2518 1654 2553 de

43 2593 162 2618 mano:
182 2583 377 2631 Gasparis
392 2585 541 2631 Sciopii
558 2585 627 2619 sub
645 2585 803 2619 nomine
821 2584 1029 2630 Alphonsi,
1049 2588 1128 2618 616.
1152 2582 1203 2616 Es
1221 2581 1340 2625 decir,
1356 2591 1430 2627 que
1445 2584 1529 2614 este
1548 2578 1657 2613 folle-

0 2669 5 2673 .
43 2645 82 2676 to
98 2653 139 2677 es
152 2648 233 2678 otra
250 2645 496 2690 supercheria
509 2643 557 2679 de
571 2645 628 2679 105
642 2648 915 2690 protestantes,
932 2642 1129 2678 abusando
1143 2641 1205 2676 del
1221 2641 1380 2675 nombre
1395 2639 1442 2673 de
1458 2639 1607 2683 Vargas
1617 2663 1626 2672 .
1637 2650 1654 2669 »

43 2698 119 2736 Sed
136 2701 175 2736 in
197 2702 255 2737 his
279 2703 394 2738 611616
418 2703 562 2738 erravit
585 2702 774 2738 Lafuente
791 2714 879 2737 curn
903 2713 1094 2748 anonymo
1113 2706 1269 2736 auctore
1294 2698 1430 2742 libelli;
1450 2708 1527 2732 non
1552 2696 1654 2732 enim

44 2759 275 2805 AlphonsuS,
294 2761 363 2797 sed
389 2762 639 2804 Franciscus,
664 2762 735 2806 vir,
761 2761 808 2796 de
832 2773 908 2808 quo
932 2771 1058 2796 sermo
1082 2764 1156 2805 est,
1181 2759 1464 2806 appellabatur.
1494 2756 1653 2791 Nullum

45 2823 237 2863 praeterea
260 2821 402 2867 allegat
419 2821 608 2857 Lafuente
632 2821 919 2862 documentum,
939 2831 1013 2867 quo
1038 2818 1266 2855 Franciscus
1293 2817 1342 2853 de
1361 2817 1508 2862 Vargas
1527 2816 1655 2851 minus

45 2875 252 2914 benevolus
271 2891 362 2926 erga
379 2880 614 2916 Societatem
628 2880 749 2916 fuisse
767 2879 1008 2918 conficiatur.

113 2939 126 2958 ²
175 2939 333 2975 Fulvius
351 2940 525 2976 Corneus
541 2940 656 2984 (della
675 2940 833 2985 Corna).
