1958 3210
255 207 324 253 352
816 202 958 237 Emsr.
991 200 1039 234 P.
1072 199 1343 243 NADAL-299
1420 213 1422 216 >

254 311 467 365 parecer‘ci
488 308 534 347 iu
558 305 772 347 Domino.
802 305 891 346 Por
913 315 985 345 ser
1008 300 1137 343 tarde
1158 313 1216 342 no
1245 313 1318 342 me
1345 299 1507 356 larguo
1536 314 1593 344 en
1621 306 1736 351 otro,
1762 299 1898 343 sinonz
1956 302 1958 327 ³

255 385 377 430 dezir
398 384 470 427 del
508 380 699 424 concilio
729 395 818 436 que
846 394 895 423 se
923 378 1012 420 dan
1041 380 1207 421 mucha
1236 377 1356 434 prisa
1391 378 1421 431 ¹,
1447 392 1475 433 y
1504 378 1596 420 han
1625 376 1813 419 aeabato
1836 377 1897 421 de·
1957 363 1958 376 ¹

254 461 375 505 dezir
407 460 538 502 todos
571 459 638 500 los
667 456 848 512 obispos
877 457 934 498 de
964 456 1031 497 los
1060 459 1256 498 canones
1279 469 1308 510 y
1337 455 1544 498 decretos
1573 454 1629 498 de
1659 453 1892 496 matrimo-

252 539 326 581 nio
351 539 382 580 ².
411 538 530 580 Creo
555 535 753 579 embiare
791 537 896 590 aqui
918 534 962 578 13
998 532 1199 578 sessione
1230 534 1294 587 73²
1319 538 1489 575 statuta
1512 532 1546 583 ⁵,
1572 535 1599 574 o
1621 546 1670 574 se
1692 531 1891 575 embiara

250 617 292 659 31
321 621 461 658 rettor
489 615 545 656 de
572 614 744 668 Isprue,
777 626 884 668 para
913 625 1001 666 que
1022 611 1162 666 luogo
1194 611 1334 654 desde
1362 609 1434 652 alli
1466 609 1509 652 13
1537 609 1700 653 embie.
1735 609 1804 651 En
1826 609 1892 651 las

251 692 485 735 oraciones
512 690 525 732 i
554 688 803 733 sacrificios
835 689 850 709 4
880 689 937 733 de
966 689 1023 732 V.
1060 689 1134 740 R..
1162 695 1247 732 etc.
1282 689 1352 731 De
1381 688 1568 738 Trento,
1609 685 1639 728 li
1671 699 1695 740 3
1725 686 1782 728 de
1807 687 1892 743 Ju-

252 770 312 813 lio
336 771 351 791 ὅ
380 769 507 823 1563.

342 848 511 889 Pareee
534 846 548 866 ⁰
573 848 598 887 3
622 845 679 887 Ν.
709 845 761 887 Ρ.
789 857 878 899 que
900 843 942 887 el
964 856 1136 886 mesmo
1165 843 1224 885 D.
1252 839 1460 886 Mattiolo
1481 839 1630 883 seriua
1667 854 1759 883 una
1780 840 1895 882 letra

254 924 296 966 31
317 923 462 966 conde
484 921 529 964 di
553 922 683 965 Luna
705 921 838 963 sobre
860 935 944 963 suo
972 909 1165 976 negocio
1193 918 1385 962 dicendo
1417 932 1545 961 Corne
1566 919 1625 960 ha
1646 916 1901 961 entendido

253 1015 340 1056 que
369 999 490 1043 tiene
521 998 741 1041 uoluntad
770 999 827 1042 de
855 997 1036 1042 hazerle
1064 997 1244 1041 mereed
1273 1010 1381 1052 para
1408 1009 1498 1038 con
1526 995 1567 1038 el
1595 997 1708 1050 Rey,
1742 1000 1830 1037 ete.
1863 1008 1894 1050 y

255 1077 356 1120 dica
379 1091 431 1119 su
456 1077 582 1119 fatto.
610 1077 669 1119 V.
695 1076 749 1118 R.
776 1089 825 1118 se
846 1075 890 1118 10
911 1074 1042 1118 auisi.

1013 1221 1144 1262 zm)

582 1310 635 1351 Ρ.
677 1306 1231 1351 HIERONYMUS
1278 1305 1555 1349 NADAL

767 1396 927 1431 PATRI
953 1393 1162 1442 JACOBO
1189 1394 1384 1429 LAINEZ

583 1483 875 1519 VINDOBONAE,
903 1484 939 1519 4,
970 1481 1015 1509 10
1041 1482 1094 1508 ET
1124 1481 1161 1507 11
1192 1480 1378 1509 AUGUSTI
1408 1470 1498 1516 1563
1526 1473 1554 1505 ⁷.

340 1560 398 1594 De
419 1560 466 1594 P.
497 1559 691 1594 Victoria:
708 1559 755 1593 de
773 1555 971 1593 Societate
989 1568 1015 1591 a
1033 1556 1199 1591 concilio
1216 1555 1439 1590 tridentino
1457 1553 1736 1600 approbanda:
1755 1553 1802 1588 de

417 1619 737 1665 fundationibus
755 1617 1036 1664 collegiorum:
1057 1616 1104 1651 de
1118 1613 1370 1662 professione
1390 1614 1439 1648 P.
1460 1613 1636 1660 Mag-gii,
1657 1615 1727 1648 etc.

340 1697 430 1740 Die
451 1709 480 1750 4
502 1696 706 1753 Augusti
729 1697 843 1750 1563
874 1695 1087 1737 Natalem
1117 1693 1356 1749 scripsisse
1384 1692 1444 1734 ad
1472 1692 1531 1733 P.
1565 1691 1741 1733 Laiuez
1768 1691 1901 1732 erui--

252 1779 329 1818 tur
351 1789 407 1817 ex
428 1775 612 1830 epistola
636 1785 734 1828 302,
758 1787 805 1815 u.
835 1783 873 1825 I,
897 1772 974 1814 ubi
996 1771 1103 1813 haec
1125 1772 1190 1812 ait
1213 1770 1459 1812 Polaucus:
1492 1768 1711 1810 «Reeeuib
1740 1768 1802 1810 N.
1831 1768 1888 1810 P.

252 1852 296 1895 la
318 1852 371 1895 de
403 1853 451 1895 V.
479 1853 537 1894 R.
565 1852 617 1893 de
639 1863 667 1904 4
689 1850 759 1893 del
773 1853 1067 1905 presente...»
1100 1849 1151 1890 Iu
1175 1862 1226 1890 ea
1249 1861 1354 1890 vero
1376 1846 1429 1888 de
1446 1845 1580 1888 rebus
1599 1845 1839 1887 Cassoviae
1856 1848 1902 1887 et

253 1931 305 1972 de
328 1931 387 1972 P.
424 1929 621 1972 Victoria
638 1929 794 1984 primo
815 1928 905 1969 loco
927 1927 1167 1984 agebatur.
1192 1925 1371 1968 Deinde
1393 1924 1452 1966 ad
1475 1937 1550 1965 res
1579 1922 1759 1965 concilii
1782 1926 1896 1978 pro-

249 2007 550 2064 grediebatur
574 2006 772 2057 Natalis,
797 2005 856 2047 ad
878 2005 1101 2046 rationem
1124 2002 1412 2059 procurandi
1434 2004 1483 2043 ut
1511 2001 1708 2043 Societas
1730 2015 1758 2041 a
1791 2013 1896 2042 cou—

253 2086 354 2127 cilio
376 2085 720 2140 approbaretur,
744 2086 784 2126 et
812 2082 992 2125 taudem
1025 2082 1084 2123 ad
1107 2080 1409 2138 difficultates,
1433 2092 1548 2134 quas
1577 2079 1627 2119 in
1647 2077 1897 2135 fundatio-

252 2163 387 2205 nibus
410 2162 705 2218 collegiorum
728 2159 1045 2216 experiebatur
1074 2160 1167 2214 ipse
1198 2157 1397 2207 Natali&
1426 2156 1485 2198 ad
1514 2169 1627 2211 quae
1657 2154 1814 2196 omnia
1842 2167 1903 2195 ex·

252 2240 415 2282 ordiue
453 2239 690 2295 respondet
727 2239 903 2281 Laiuez
941 2238 990 2278 in
1021 2236 1245 2293 praefata
1287 2234 1471 2290 epistola
1514 2233 1585 2274 die
1630 2241 1686 2284 17
1729 2232 1899 2287 Augu-

254 2318 313 2359 sti
330 2317 438 2359 data
460 2318 493 2359 ⁸.

329 2434 335 2451 ¹
391 2431 479 2474 Ms.,
495 2430 664 2477 priscia.

322 2494 335 2512 2
387 2490 487 2525 Vide
503 2495 589 2524 aeta
609 2489 878 2523 MASSARELLI
896 2486 999 2533 apud
1016 2486 1225 2530 THE1NER,
1247 2486 1320 2520 loc.
1341 2483 1424 2528 cit.,
1444 2483 1497 2528 ΙΙ,
1517 2479 1688 2525 313-334.

323 2550 337 2570 3
388 2549 532 2584 Habita
551 2548 624 2584 fuit
642 2548 705 2583 die
728 2555 769 2592 15
789 2546 883 2593 Julii
905 2544 1008 2591 1563.
1034 2544 1096 2580 Cf.
1117 2545 1387 2580 MASSARELLI
1417 2547 1519 2587 aeta,
1539 2542 1613 2576 loc.
1634 2540 1718 2586 cit.,
1737 2540 1789 2585 ΙΙ,
1808 2537 1894 2573 310-

251 2608 334 2653 312;
371 2609 585 2644 PALEOTTI
619 2612 719 2653 acta,
755 2606 868 2653 ibid„
903 2606 955 2651 II,
989 2605 1079 2648 662;
1114 2603 1327 2639 Mendozae
1357 2607 1463 2645 acta,
1496 2600 1599 2647 apud
1629 2597 1892 2644 D6LL1NGER,

254 2669 328 2704 loc.
347 2668 430 2714 cit.,
451 2668 502 2713 ΙΙ,
525 2676 605 2714 129;
627 2672 666 2702 et
685 2667 745 2702 LE
763 2667 893 2712 PLAT‚
912 2666 986 2701 loe.
1008 2664 1090 2709 cit.,
1111 2664 1200 2709 VII,
1223 2672 1257 2709 2,
1278 2674 1394 2710 pagg.
1419 2661 1500 2708 130,
1521 2660 1585 2696 231
1610 2664 1649 2694 et
1668 2658 1751 2704 378.

326 2727 341 2747 ⁴
390 2728 479 2774 Ms.‚
498 2727 757 2774 sacrificioso.

327 2788 341 2808 5
391 2786 471 2833 Sic,
487 2786 672 2821 mendose
691 2797 760 2832 pro
780 2785 947 2831 Agosto,
963 2789 1005 2819 ut
1017 2788 1139 2831 patet,
1157 2788 1239 2817 tum
1255 2794 1303 2818 ex
1319 2781 1381 2827 iis,
1397 2791 1496 2828 quae
1511 2779 1560 2815 de
1587 2776 1753 2814 concilio
1768 2775 1807 2811 in
1825 2776 1899 2810 hae

255 2846 419 2893 epistola
438 2851 678 2890 enarrantur,
698 2850 781 2880 tum
799 2844 890 2891 quia
914 2844 1016 2879 inter
1034 2842 1128 2878 alias
1147 2842 1262 2877 tertia
1281 2841 1344 2876 die
1365 2839 1535 2887 Augusti
1553 2839 1662 2874 datas
1688 2835 1899 2882 reperitur.

327 2904 341 2925 ⁶
391 2905 435 2940 In
455 2905 647 2951 margine:
671 2905 718 2940 P.
740 2904 879 2940 Natat.

329 2967 342 2986 Ὗ
393 2965 451 2999 Ex
470 2965 584 3011 epist.
606 2964 675 2999 302
695 2969 734 2999 et
752 2963 837 3009 304.

329 3026 343 3045 ⁸
393 3023 493 3059 Vide
512 3024 627 3070 epist.
647 3023 731 3070 296,
751 3035 789 3059 n.
814 3032 846 3067 Ι,
867 3028 907 3058 et
925 3022 1092 3070 append.
1114 3022 1206 3056 XVI
1226 3022 1280 3065 (b3
1302 3024 1341 3055 et
1360 3019 1466 3054 XIX.
