1958 3210
551 247 803 282 PROOEMIUM
830 255 1011 281 SECUNDI
1038 255 1263 282 VOLDMlNlS
1681 257 1718 281 Xl

93 348 234 400 stolis,
260 347 337 390 ubi
358 349 413 390 de
437 347 763 390 haereticorum
786 347 975 398 insidiis,
996 348 1052 389 de
1069 347 1320 403 principum
1339 347 1475 390 nimia
1492 363 1602 404 erga
1618 349 1716 391 illos

94 423 347 475 tolerantia,
393 425 448 466 de
486 438 661 479 regum,
702 423 1012 475 cardinalium,
1054 423 1367 479 episcoporum
1382 458 1391 476 ,
1433 423 1715 478 aliorumque

94 515 173 555 pro
209 500 429 542 catholica
471 499 688 556 religione
716 499 969 551 laboribus,
1016 500 1309 556 collegiorum
1355 500 1712 553 fundationibus,

92 576 251 619 litteris
273 578 329 619 ad
351 576 608 632 pontificem
630 576 762 627 datis,
789 584 875 620 etc.
903 578 1043 618 multa
1066 576 1446 620 intermiscentur.

181 654 416 696 Hactenus
438 654 494 697 de
510 655 645 696 rebus
663 654 719 695 ad
736 653 984 696 catholicae
1001 652 1218 696 ecclesiae
1235 653 1465 695 historiam
1484 653 1715 709 pertinen-

95 729 229 772 tibus.

179 818 311 849 2,um‚
335 808 431 848 Pro
449 807 640 848 historia
657 807 887 847 Soczssetatis
897 805 1291 862 semu-Tametsi
1308 807 1449 860 major
1466 807 1714 850 documen-

92 890 237 925 torum
261 884 394 938 hujus
417 882 657 926 voluminis
680 897 781 937 pars
804 883 860 924 ad
877 881 1190 937 particularem
1209 882 1440 925 historiam
1460 883 1712 938 provincia—

90 974 188 1002 rum
205 960 476 1004 Germaniae
493 958 762 1014 pertineant,
782 958 920 1001 nihilo
938 958 1085 1001 secius
1103 959 1338 1014 generales
1351 957 1713 1016 SocietatisJesu

91 1036 192 1079 fasti
214 1035 524 1091 frequentibus
552 1035 942 1087 illustrationibus,
974 1049 1182 1090 novaque
1209 1036 1310 1078 luce
1332 1037 1574 1088 donantur,
1606 1037 1713 1078 dum

89 1112 171 1168 ipsi
196 1113 359 1164 fontes,
387 1112 505 1154 unde
528 1111 778 1156 Sacchinus
802 1111 966 1168 aliique
995 1111 1135 1154 nostri
1164 1112 1405 1168 scriptores
1428 1112 1605 1155 annalia
1632 1128 1714 1155 sua

88 1190 476 1244 deprompserunt,
502 1189 681 1244 publice
703 1188 1013 1245 divulgantur,
1039 1204 1094 1232 ex
1117 1189 1282 1243 quibus
1305 1190 1462 1242 multa,
1483 1204 1566 1232 nec
1589 1205 1711 1245 sper-

88 1267 251 1318 nenda,
284 1267 339 1308 ab
368 1265 454 1308 illis
491 1265 821 1321 praetermissa,
862 1265 1050 1321 quilibet
1071 1281 1151 1321 per
1179 1266 1487 1322 semetipsum,
1513 1267 1661 1321 qualia
1686 1283 1711 1310 a

88 1344 180 1385 PP.
213 1342 400 1394 LaineZ,
429 1343 648 1395 Polanco,
681 1343 847 1394 Nadal,
884 1343 1037 1398 Borja,
1070 1342 1275 1394 Canisio,
1307 1342 1353 1384 in
1388 1343 1481 1386 suis
1510 1343 1711 1398 epistolis

85 1426 262 1462 narrata
284 1420 483 1472 fuerunt,
512 1418 641 1462 facile
663 1433 943 1474 cognoscere
966 1427 1115 1473 queat.

172 1495 264 1548 Sic,
290 1495 482 1550 exempli
505 1495 666 1551 gratia,
692 1495 907 1550 epistolae
930 1495 1058 1537 annis
1082 1496 1190 1549 1562
1208 1503 1253 1538 et
1282 1497 1408 1550 1563,
1428 1496 1485 1539 ad
1503 1498 1708 1539 Natalem

82 1587 108 1613 a
138 1573 335 1615 Polanco
364 1572 545 1615 nomine
578 1571 820 1628 praepositi
849 1572 1074 1627 generalis
1103 1573 1250 1626 datae,
1282 1573 1418 1628 hujus
1446 1573 1708 1629 vigilantem

81 1648 431 1693 sollicitudinem
468 1664 548 1704 pro
580 1648 815 1704 disciplina
852 1649 1062 1704 religiosa
1100 1649 1267 1704 ubique
1299 1652 1609 1705 promovenda
1642 1658 1710 1693 te—

83 1732 260 1768 stantur
281 1725 327 1767 in
344 1725 569 1781 responsis
588 1726 643 1768 ad
660 1725 798 1767 dubia
814 1725 1043 1781 proposita
1060 1741 1085 1768 a
1104 1728 1195 1768 PP.
1220 1727 1330 1778 VaZ,
1352 1728 1706 1779 Valderrabano,

83 1803 252 1846 Suarez
267 1836 276 1854 ,
316 1802 503 1858 aliisque
540 1802 889 1858 provincialibus
926 1804 998 1845 Vel
1036 1803 1287 1846 rectoribus
1324 1803 1598 1846 transmissis
1635 1805 1706 1860 (28

83 1880 219 1931 Now,
252 1892 303 1932 14
324 1881 434 1923 Dec.
462 1881 534 1932 623
561 1895 587 1935 9
610 1886 655 1921 et
673 1890 725 1933 25
751 1880 876 1935 Aug.
904 1880 975 1934 63,
1002 1880 1107 1935 etc.)
1128 1882 1216 1922 Pro
1239 1879 1443 1936 collegiis
1461 1895 1645 1924 romano
1663 1888 1709 1925 et

82 1955 341 2011 germanico
358 1956 599 2000 sufficienti
621 1955 850 1998 dotatione
873 1956 1110 2008 donandis,
1137 1964 1355 2011 quantum
1378 1957 1529 2001 eximii
1545 1957 1607 1999 illi
1624 1957 1708 1999 viri

81 2032 263 2084 LaineZ,
292 2033 473 2089 Borgia,
508 2034 706 2076 Polanco
729 2040 774 2076 et
805 2033 950 2076 Nadal
978 2033 1306 2085 insudaverint,
1332 2035 1511 2077 abunde
1540 2041 1585 2077 et
1609 2048 1709 2077 sae—

80 2109 259 2164 pissime
281 2124 437 2153 eorum
459 2109 634 2153 litterae
657 2116 1027 2162 commonstrant,
1054 2110 1315 2165 praesertim
1339 2125 1457 2153 anno
1493 2111 1602 2165 1563
1625 2112 1707 2153 da-

80 2193 151 2228 tae
175 2187 244 2242 (29
257 2188 383 2243 Jun.,
407 2198 460 2239 27
473 2187 585 2243 Jul.,
609 2200 632 2240 3
651 2193 696 2230 et
713 2201 740 2242 c)
759 2187 903 2242 Aug„
932 2187 981 2229 16
999 2188 1144 2242 Sept„
1167 2187 1272 2243 etc.)
1294 2189 1566 2243 Legatorum
1590 2202 1703 2243 pon-

79 2262 210 2305 tificis
232 2262 278 2304 in
300 2262 490 2306 concilio
514 2278 593 2318 pro
616 2263 858 2307 Societatis
886 2263 1075 2318 ejusque
1103 2263 1345 2319 praepositi
1375 2265 1496 2306 bono
1523 2264 1704 2306 nomine

79 2341 249 2382 tuendo
272 2339 466 2395 diploma
489 2354 592 2382 cum
616 2341 861 2395 archetypo
888 2340 1099 2383 collatum
1124 2341 1160 2396 (Ι
1188 2341 1341 2395 Now),
1367 2341 1583 2396 epistolae
1613 2342 1704 2384 fre—

80 2423 267 2470 quentes
290 2417 345 2458 de
368 2417 502 2460 rebus
525 2415 702 2458 concilii
728 2417 842 2458 ultro
865 2415 1067 2472 citroque
1089 2418 1235 2468 datae,
1263 2416 1518 2460 testimonia
1535 2417 1703 2472 princi—

79 2506 186 2547 pum
209 2491 454 2548 Hispaniae
477 2500 522 2536 et
543 2492 813 2536 Germaniae
836 2507 915 2548 pro
939 2493 1164 2537 Societate
1186 2493 1365 2549 saepius
1387 2494 1443 2536 ad
1467 2508 1701 2536 romanum

79 2568 335 2623 pontificem
367 2569 517 2624 missa,
544 2569 758 2625 epistolae
785 2569 1078 2613 cardinalium
1102 2577 1147 2613 et
1177 2569 1489 2625 episcoporum
1518 2572 1574 2613 ad
1598 2571 1701 2614 Lai—

80 2659 162 2687 nez
192 2652 236 2689 et
264 2647 407 2689 Nadal
436 2647 637 2702 aliosque
669 2662 748 2702 pro
777 2646 1018 2691 Societatis
1047 2661 1182 2702 opera
1210 2648 1493 2702 postulanda,
1525 2648 1701 2702 aliaque

69 2722 334 2776 ‘hujusmodi
363 2731 669 2777 monumenta,
701 2724 1009 2779 prudentiam,
1042 2723 1284 2776 solertiam,
1315 2724 1597 2779 sapientiam,
1629 2724 1699 2766 in—

75 2806 328 2854 gentesque
355 2800 531 2843 illorum
562 2803 747 2844 Patrum
775 2802 951 2844 labores
979 2800 1199 2854 Tridenti,
1225 2803 1411 2854 Romae,
1443 2801 1630 2855 aliisque
1652 2801 1698 2842 in

76 2875 337 2931 regionibus
377 2884 611 2932 susceptos
653 2892 928 2933 magnopere
969 2878 1297 2921 commendant.
1343 2879 1511 2920 Votum
1551 2877 1697 2919 Patris

78 2952 243 2995 Lainez
254 2952 306 2994 in
323 2953 513 2996 concilio
536 2954 592 2996 de
614 2954 929 2998 communione
951 2956 1035 2997 sub
1060 2961 1250 3008 utraque
1271 2953 1422 3010 specie
1444 2953 1629 2995 mirifice
1651 2953 1697 2994 in

73 3028 201 3071 curia
225 3028 468 3085 Hispaniae
491 3030 727 3085 placuisse,
754 3030 964 3074 comitem
987 3032 1042 3074 de
1067 3032 1211 3082 Luna,
1238 3030 1358 3086 regis
1388 3029 1633 3085 Hispaniae
1650 3030 1697 3070 in
