1958 3210
772 174 992 209 APPENmX
1620 172 1690 218 553

67 292 148 322 nos
171 282 215 318 et
237 287 265 328 4
292 288 486 325 menses,
519 275 775 331 theologiae
808 288 831 329 3
861 290 1038 320 menses
1060 275 1338 332 Ingolstadii‚
1366 278 1536 319 Romae
1560 287 1583 318 2
1608 290 1688 317 an-

67 351 168 381 nos.
201 334 270 390 [11,
295 334 397 386 482,
422 333 524 389 483]

163 407 198 436 1.
265 394 413 435 Vocor
440 392 669 448 Georgius
691 392 957 435 Schorz'tius.
985 405 1026 435 2.
1049 393 1265 436 Existimo
1284 409 1353 436 me
1371 406 1426 449 29
1443 392 1692 436 absoluisse

71 467 253 497 annum.
284 464 324 504 3.
351 452 606 493 Germanus
629 457 672 493 et
695 451 945 493 austriacus
967 466 1081 493 sum.
1104 453 1338 496 Neminem
1358 467 1413 495 ex
1430 451 1694 507 parentibus

71 512 215 556 habeo
237 508 539 564 superstitem.
567 509 607 551 6.
638 511 820 551 Praeter
845 510 1025 552 unicum
1057 512 1253 563 fratrem,
1280 511 1503 554 neminem
1526 510 1688 554 habeo:

70 572 107 615 is
130 570 213 613 fuit
230 568 470 623 aliquando
488 582 543 610 ex
561 567 788 611 Societate
805 576 971 611 nostra.
994 581 1035 622 7.
1056 571 1313 624 Antequam
1332 570 1562 624 ingressus
1579 569 1690 611 fuis-

71 645 165 675 sem
189 627 477 678 Societatem,
509 626 747 680 aliquando
777 627 923 670 sercui
952 630 958 647 ¹
994 637 1307 680 mercaturam,
1340 629 1447 671 alias
1475 626 1692 672 inseruiui

71 690 115 732 in
137 689 239 731 aula
261 685 504 737 nobilibus,
531 685 638 727 alias
655 692 838 727 secutus
860 700 958 728 sum
977 686 1254 742 disciplinam
1273 688 1524 738 militarem,
1544 694 1588 729 et
1605 688 1692 728 hoc

69 748 112 791 in
139 746 342 797 Polonia,
369 743 599 795 Bohemia‚
626 744 843 795 Morauia,
870 745 1086 800 Ungaria,
1114 747 1254 797 Italia,
1281 756 1366 789 etc.
1400 759 1464 788 12.
1500 748 1616 788 Puto
1635 746 1692 788 ab

72 805 280 850 undecim
303 803 432 846 armis
461 818 532 846 me
560 803 647 846 iam
680 817 778 845 esse
807 802 852 844 in
880 804 1120 856 Societate‚
1154 812 1197 848 et
1222 805 1363 859 primo
1397 812 1604 859 receptus
1628 804 1691 846 fui

71 868 213 909 Roma
235 865 291 906 ab
319 863 416 918 ipso
441 864 575 904 Patre
603 861 794 917 Ignatio,
826 869 870 904 et
894 862 956 903 fui
985 864 1265 906 examinatus
1291 880 1315 906 a
1347 866 1478 907 Patre
1500 866 1689 906 Petro...

78 938 142 978 14.
171 925 280 968 Sum
306 922 514 964 sacerdos
536 936 562 963 a
584 922 796 986 paschate
817 922 906 962 huc
930 936 1082 975 usque.
1116 933 1180 976 15.
1214 923 1297 964 Fui
1321 926 1569 973 Messanae
1602 924 1691 964 Pa-

73 982 215 1027 normi
238 990 282 1024 et
305 981 350 1022 in
373 983 550 1023 Monte—
535 979 696 1034 —regio,
723 979 926 1034 Neapoli,
948 981 1142 1024 Romae
1133 996 1177 1022 in
1200 981 1391 1036 collegio
1414 980 1690 1035 germanico,

42 1040 351 1098 ,Ingolstadii,
392 1038 633 1091 Monachii,
673 1045 717 1080 et
756 1039 846 1080 fere
883 1039 1031 1081 omnia
1068 1040 1255 1095 collegia
1293 1040 1337 1081 in
1366 1016 1492 1082 Italia
1540 1039 1688 1081 inuisi.

81 1103 146 1145 16.
174 1102 361 1150 Omnes,
388 1097 578 1141 diuersis
601 1104 751 1141 tamen
778 1097 823 1138 in
861 1097 984 1149 locis,
1011 1099 1295 1164 probationes
1317 1098 1512 1142 exercui.
1552 1110 1616 1152 17.
1643 1100 1694 1140 In

76 1160 301 1206 Societate
320 1157 382 1199 fui
404 1158 647 1212 subcoqus,
680 1155 1017 1208 credentiarius,
1038 1157 1254 1209 minister,
1274 1158 1563 1200 subminister
1581 1165 1624 1201 et
1648 1157 1694 1200 in

75 1219 171 1263 aliis
193 1217 416 1261 exercitiis
440 1216 502 1259 fui
525 1216 755 1271 probatus
777 1216 995 1258 Inseruiui
1015 1217 1298 1271 pauperibus:
1326 1217 1433 1259 alias
1453 1216 1515 1258 fui
1534 1231 1693 1271 super-

75 1278 312 1322 intendens
335 1290 469 1331 super
492 1274 609 1317 mille
625 1289 846 1330 pauperes
869 1289 946 1329 per
963 1289 1040 1316 sex
1064 1290 1240 1318 menses
1259 1284 1457 1330 tempore
1476 1277 1629 1330 Vegae
1648 1275 1695 1316 in

76 1337 280 1383 Sicilia...
311 1336 375 1378 18.
403 1336 521 1377 Vota
543 1333 670 1376 emisi
692 1340 794 1388 post
825 1334 936 1375 6.urn
966 1349 1163 1377 mensem
1194 1336 1361 1377 Romae
1388 1344 1491 1377 ante
1522 1336 1572 1376 P.
1603 1337 1693 1376 Po-

75 1399 268 1440 laneum.
297 1393 433 1452 [Sclz.]
464 1406 498 1436 1.
528 1395 615 1435 Per
636 1405 664 1446 4
686 1407 827 1434 annos
849 1392 893 1433 in
916 1393 1259 1435 humanioribus
1288 1393 1426 1437 literis
1455 1393 1555 1435 dedi
1585 1407 1694 1447 ope-

75 1471 185 1507 ram,
210 1462 366 1510 postea
393 1451 529 1494 docui
557 1466 720 1507 pueros
748 1451 1084 1507 grammaticam
1114 1467 1191 1507 per
1222 1466 1245 1506 3
1275 1467 1468 1495 annos...
1502 1453 1543 1493 6.
1576 1453 1693 1494 Gra-

21 1533 28 1539 ·
75 1517 183 1559 dum
207 1511 452 1568 magisterii
475 1518 710 1554 assecutus
731 1525 831 1553 sum
855 1511 938 1552 sub
956 1511 1139 1554 doctore
1157 1512 1359 1553 Tolledo.
1382 1511 1450 1567 [11,
1470 1511 1572 1563 484,
1593 1511 1696 1567 485]

172 1587 206 1616 1.
279 1571 549 1615 Gerlzardus
572 1571 742 1612 [seren.
771 1582 811 1612 2.
846 1569 1020 1625 Viginti
1050 1584 1204 1611 unum.
1234 1584 1273 1623 3.
1313 1571 1570 1613 Germanus
1602 1569 1690 1612 Cli-

77 1633 177 1676 viae
193 1630 476 1681 vltraiectini,
501 1628 846 1672 embricensis...
880 1640 945 1671 12.
973 1630 1095 1672 Ante
1119 1637 1207 1671 tres
1230 1644 1370 1671 annos
1394 1628 1542 1671 statim
1560 1636 1697 1682 atque

77 1699 233 1734 votum
256 1690 506 1742 emiseram,
532 1695 576 1732 et
597 1690 686 1730 hoc
708 1702 733 1729 a
761 1687 942 1730 domino
965 1688 1198 1730 Leonardo
1222 1687 1435 1731 Coloniae
1458 1687 1592 1742 inque
1616 1701 1696 1729 co-

78 1749 267 1794 loniensi
290 1748 497 1804 collegio:
523 1747 586 1789 fui
609 1747 742 1790 etiarn
766 1754 873 1789 tunc
896 1747 1229 1789 examinatus...
1263 1759 1326 1799 14.
1356 1748 1456 1789 Non
1479 1761 1594 1798 sum,
1617 1761 1696 1789 ne-

79 1825 167 1865 que
188 1809 389 1852 ordinem
412 1808 550 1849 Vllum
573 1807 731 1850 habeo.
764 1816 829 1859 15
851 1805 1109 1848 Coloniensi
1132 1813 1304 1847 tantum
1348 1807 1412 1848 16.
1434 1807 1535 1848 Non
1561 1805 1678 1848 feci..

80 1869 193 1925 Legi
217 1876 390 1910 tantum
413 1881 490 1922 per
512 1880 695 1908 annum.
723 1864 857 1921 [Se-12.]
890 1877 925 1907 Ι.
953 1867 1207 1930 Antequam
1228 1865 1497 1908 Societatem
1516 1864 1696 1915 intraui,

78 1905 181 1973 dedi
203 1942 383 1982 operam
407 1925 618 1981 partimg
592 1924 924 1976 arammaticae,
948 1924 1109 1990 partim
1133 1923 1395 1974 rhetoricae,
1420 1923 1580 1978 partim
1603 1923 1698 1965 dia-

77 1987 297 2032 lecticae.
309 1987 385 2028 ..6
413 1985 486 2028 Ad
508 1985 698 2040 gradum
729 1982 989 2039 magisterii.
1015 1981 1087 2039 [IL
1109 1994 1211 2036 454,
1237 1984 1338 2048 456,
1364 1983 1465 2034 460
1491 1981 1591 2039 470]

172 2059 208 2089 Ι.
279 2046 371 2088 Ger
374 2059 430 2086 cm
433 2045 517 2086 dus
555 2043 791 2085 Pesclzius.
824 2054 863 2085 2.
902 2043 1052 2085 Unum
1085 2050 1129 2084 et
1157 2041 1319 2096 viginti
1371 2055 1409 2095 3.
1443 2042 1700 2084 Germanus

78 2105 260 2148 inferior
282 2102 550 2146 coloniensis
572 2101 877 2157 campensis...
910 2113 975 2143 12.
1003 2102 1138 2143 Anno
1167 2113 1275 2154 1559
1298 2101 1342 2142 in
1367 2102 1479 2142 festo
1503 2100 1699 2155 Epipha-

79 2164 194 2216 niae,
221 2164 318 2206 siue
341 2163 475 2204 trium
509 2176 685 2217 regum,
711 2160 815 2203 anni
839 2159 981 2211 initio,
1015 2166 1221 2214 receptus
1245 2175 1269 2201 a
1292 2161 1344 2202 R.
1381 2162 1429 2201 P.
1465 2159 1700 2202 Leonardo

80 2223 297 2274 KesseliO,
324 2222 368 2264 in
390 2220 649 2271 Germania,
670 2220 715 2262 in
733 2219 925 2275 collegio
949 2219 1242 2262 coloniensi...
1271 2231 1335 2270 14.
1359 2220 1453 2261 Nec
1470 2218 1696 2268 sacerdos,

80 2297 164 2325 nec
185 2283 275 2324 vllo
298 2282 430 2323 modo
452 2279 797 2323 ecclesiasticus.
830 2289 893 2332 15.
921 2279 1116 2320 Tantum
1140 2277 1184 2318 in
1213 2276 1457 2319 coloniensi
1481 2276 1696 2318 habitauit

83 2349 340 2385 treuerense
363 2339 556 2382 visitaui.
583 2337 719 2396 [Sela]
743 2348 784 2391 5.
806 2336 1022 2392 Magister
1038 2351 1136 2378 sum
1158 2336 1335 2378 artium.
1357 2336 1520 2392 [Mag]
1548 2348 1583 2377 1.
1599 2337 1699 2390 Jam

83 2415 248 2444 annum
272 2399 420 2441 docui:
447 2412 567 2440 nunc
591 2397 791 2453 linguam
814 2410 1039 2452 graecam,
1071 2397 1421 2438 Demosthenem
1452 2402 1495 2437 et
1525 2395 1699 2436 Varen-

83 2459 221 2510 nium,
249 2457 479 2502 Ciceronis
501 2464 737 2507 oratorem,
764 2455 880 2498 Liuii
902 2454 1129 2497 historiam
1172 2452 1240 2510 [11,
1266 2464 1366 2507 459,
1393 2463 1494 2506 457,
1520 2452 1620 2508 458]

176 2531 210 2561 1.
277 2519 424 2560 Vocor
448 2518 630 2571 Guegov
634 2517 704 2558 ius
728 2515 892 2556 Fabius
913 2513 1183 2555 dionantius.
1213 2525 1252 2554 2.
1282 2514 1390 2556 Sum
1410 2519 1541 2553 natus
1559 2525 1701 2552 anno-

80 2592 178 2620 rum
198 2578 250 2619 28
270 2584 348 2619 aut
367 2589 435 2631 29.
461 2589 500 2630 3.
522 2576 633 2619 Sum
653 2575 798 2630 gallus
816 2572 1136 2623 dionantensis,
1158 2571 1374 2614 dioecesis
1392 2570 1655 2612 leodiensis.

87 2649 152 2680 12.
186 2637 303 2680 Sunt
333 2651 411 2678 sex
444 2634 571 2685 anni,
608 2649 632 2676 a
653 2610 721 2676 OR.
729 2632 778 2666 do
816 2635 865 2675 Ρ.
900 2631 1134 2674 Leonardo
1173 2637 1379 2684 receptus
1409 2628 1656 2671 Coloniae..

87 2708 151 2748 14.
179 2696 287 2738 Sum
307 2694 521 2750 indignus
543 2693 771 2743 sacerdos,
797 2698 842 2733 et
861 2690 924 2732 fui
941 2705 1116 2744 semper
1139 2689 1391 2731 Coloniae..
1404 2686 1548 2745 ,[ςεΙι
1556 2688 1623 2741 ]...
1653 2663 1695 2730 6.

82 2755 161 2797 Est
182 2768 328 2797 annus
350 2768 404 2795 ex
428 2767 517 2807 quo
539 2751 691 2807 accepi
710 2753 895 2793 formam
914 2748 1220 2791 baccalaurei
1211 2763 1254 2789 in
1280 2746 1515 2802 theologia.
1535 2745 1546 2803 [
1551 2747 1680 2801 wag.
1689 2745 1702 2804 ]

158 2946 165 2965 ¹
217 2943 294 2987 Sic;
316 2954 383 2989 pro
403 2942 579 2977 exercui.
