1958 3210
260 199 302 234 14
821 185 864 219 P.
893 184 1079 219 NATAL1s
1106 183 1323 218 EPHEMER.

257 290 407 347 potius
429 287 687 330 inducebat:
724 284 942 328 indicauit
971 283 1111 340 igitur
1132 283 1326 340 primum
1354 297 1403 326 se
1432 287 1585 324 nostra
1613 295 1750 336 opera
1771 281 1889 325 velle

256 366 322 409 vti
343 366 399 409 ad
421 378 577 421 pacem
600 377 703 405 cum
734 360 943 417 Philippo
975 363 986 382 ¹
1017 360 1360 404 conficiendam.
1386 361 1455 401 De
1477 357 1758 414 profectione
1778 371 1887 401 vero

257 444 303 485 in
333 440 597 497 Hispaniam
627 438 739 481 dixit
767 452 817 480 se
845 437 1040 480 Domino
1067 436 1112 478 id
1140 436 1561 479 commendaturum
1588 434 1635 477 in
1663 434 1883 486 oratione,

257 534 339 562 nos
360 525 410 560 vt
432 517 550 561 idem
575 517 840 566 faceremus,
867 520 912 558 et
937 513 1103 556 rediret
1127 515 1262 556 Pater
1283 511 1479 554 vicarius
1501 512 1557 554 ad
1585 511 1748 568 ipsum,
1774 525 1885 554 con·
1952 512 1953 566 ξ

255 595 387 639 sultis
409 594 579 650 aliquot
603 591 831 643 Patribus,
853 590 930 646 qui
947 589 1032 633 sibi
1054 588 1253 632 melioris
1276 588 1539 632 viderentur
1560 588 1751 644 consilij.
1773 590 1887 632 Bre—
1952 579 1954 617 f

257 673 373 716 uiter
411 671 473 714 ita
501 669 709 714 discessit
745 667 956 720 vicarius,
997 674 1045 709 vt
1079 666 1155 722 qui
1178 665 1226 708 in
1259 664 1499 708 maximam
1530 680 1655 721 spem
1688 664 1889 709 venisset

256 749 388 793 facile
418 761 748 792 consensurum
776 745 1036 801 pontificem
1064 750 1114 786 vt
1144 743 1312 787 iremus
1348 742 1395 784 in
1423 741 1689 798 Hispaniam
1712 741 1744 784 ².
1772 742 1890 785 Cae-

258 835 403 870 terum
426 840 529 869 cum
548 823 755 880 redijsset
772 837 906 878 saepe
924 837 980 866 ex
997 820 1265 874 constituto,
1285 834 1371 863 nec
1389 818 1717 872 admitteretur,
1739 825 1889 862 tamen

257 904 381 946 nulla
403 904 552 945 adhuc
581 907 756 958 poterat
784 899 889 943 oriri
911 898 1108 955 suspicio
1139 896 1247 953 quid
1277 903 1397 940 esset
1425 910 1507 939 cur
1535 897 1550 917 5
1575 897 1651 939 45
1680 903 1771 938 tam
1800 895 1891 939 cito
1925 933 1929 937 .
1954 914 1958 955 g

256 982 520 1024 immutatus
538 979 769 1022 videretur
790 976 1016 1034 pontificis
1039 975 1229 1042 animus.
1257 976 1412 1029 Itaque
1429 973 1625 1016 vicarius
1642 988 1734 1016 non
1756 972 1886 1016 omit—
1946 957 1956 967 Ἴ

257 1060 381 1102 tebat
404 1058 460 1101 ad
484 1056 698 1113 palatium
719 1055 958 1106 ventitare,
984 1052 1157 1096 etiamsi
1180 1066 1271 1094 non
1293 1051 1622 1094 admitteretur.

345 1135 549 1178 Tandem
567 1140 785 1177 euocatus
803 1148 828 1175 a
845 1130 1059 1174 cardinali
1077 1129 1250 1186 pisano,
1271 1128 1447 1171 audiuit
1464 1143 1555 1171 non
1568 1129 1745 1184 placere
1762 1143 1889 1172 sum—

256 1228 330 1256 mo
346 1210 547 1268 pontifici
570 1218 619 1252 vt
640 1210 687 1252 in
711 1208 977 1265 Hispaniam
994 1207 1176 1251 iremus:
1199 1205 1422 1249 acciderat
1440 1206 1503 1262 (vt
1520 1204 1693 1262 opinor)
1711 1219 1885 1257 rursus,

258 1296 533 1346 quapropter
556 1303 581 1331 a
604 1302 714 1344 pace
743 1293 863 1331 esset
892 1285 1065 1329 alienus
1088 1283 1306 1340 pontifex;
1332 1284 1413 1327 sed
1435 1297 1575 1338 quum
1597 1282 1892 1327 arbitraretur
1957 1269 1958 1274 Ἰ

256 1367 452 1411 vicarius
476 1372 657 1422 propter
679 1365 849 1409 bellum
878 1363 999 1406 nolle
1032 1362 1224 1405 Paulum
1255 1367 1302 1402 vt
1330 1360 1376 1402 in
1407 1360 1674 1416 Hispaniam
1699 1359 1894 1416 Philippi

258 1444 380 1501 regis
404 1443 808 1499 proficisceremur,
834 1438 1134 1495 interrogauit
1156 1437 1428 1482 cardinalem
1446 1452 1555 1479 num
1572 1437 1830 1480 consuleret
1845 1443 1894 1479 vt

257 1535 524 1578 rogaremus
538 1519 798 1576 pontificem
810 1519 865 1561 de
880 1515 1161 1574 profectione
1175 1515 1221 1557 in
1240 1514 1582 1571 Portugalliam.
1602 1514 1651 1556 Id
1665 1528 1768 1556 cum
1786 1529 1894 1570 pro-

257 1600 386 1643 baret
408 1596 664 1650 cardinalis,
690 1595 914 1651 reliquum
936 1594 1084 1637 visum
1109 1592 1192 1636 fuit
1216 1592 1341 1635 Patri
1357 1591 1526 1634 vicario
1543 1598 1591 1633 vt
1608 1591 1756 1634 adhuc
1774 1592 1894 1647 apud

258 1675 519 1733 pontificem
543 1676 599 1717 de
622 1676 706 1717 hac
729 1672 1008 1729 profectione
1030 1684 1286 1727 ageremus3
1312 1669 1465 1724 itaque
1487 1683 1667 1712 rursum
1690 1669 1747 1711 ad
1768 1669 1893 1725 pala-

260 1753 374 1796 tium
397 1752 700 1796 conueniebat
727 1749 938 1793 vicarius.
971 1748 977 1806 Ι
1006 1750 1160 1804 Quum
1191 1754 1343 1791 autem
1371 1746 1576 1790 similiter
1604 1754 1740 1801 atque
1768 1745 1894 1802 prius

260 1845 352 1874 non
370 1829 700 1881 admitteretur,
722 1842 807 1871 nec
824 1825 1079 1877 desisteret,
1097 1838 1203 1868 ecce
1221 1823 1302 1866 tibi
1319 1830 1509 1866 vocatur
1526 1838 1551 1865 a
1569 1822 1783 1866 cardinali
1802 1830 1895 1866 tra-

259 1907 405 1952 nensi.
433 1905 652 1962 Intelligit
677 1905 871 1948 Paulum
894 1918 993 1948 esse
1017 1903 1237 1945 aduersus
1265 1915 1351 1944 nos
1380 1915 1432 1943 ac
1455 1900 1731 1945 Societatem
1755 1902 1896 1945 vehe-

261 1991 437 2028 menter
459 1990 751 2034 commotum‚
777 1981 934 2024 iubere
955 1987 1004 2022 vt
1027 1980 1179 2022 nullus
1202 1978 1385 2021 omnino
1409 1994 1434 2022 e
1457 1978 1623 2021 nostris
1652 1980 1795 2021 Roma
1817 1993 1898 2022 ex—

261 2063 409 2106 cedat:
437 2069 533 2104 tum
558 2067 605 2103 vt
628 2059 778 2103 omnia
799 2059 1043 2114 diplomata
1070 2056 1334 2113 apostolica,
1366 2070 1523 2099 omnes
1551 2055 1899 2098 constitutiones

261 2146 439 2182 nostras
462 2139 519 2181 ad
540 2153 590 2182 se
611 2138 885 2189 deferamus;
910 2135 1027 2179 velle
1056 2149 1103 2176 se
1134 2133 1282 2176 omnia
1305 2132 1575 2188 intelligere,
1602 2133 1657 2175 de
1688 2131 1898 2175 omnibus

262 2216 478 2261 iudicare:
504 2215 769 2272 designasse
800 2226 824 2256 2
854 2211 1120 2263 cardinales,
1147 2225 1198 2253 ac
1227 2224 1462 2253 romanum
1485 2210 1517 2261 ⁴,
1545 2208 1621 2264 qui
1644 2208 1795 2252 omnia
1817 2223 1891 2252 ex-

262 2294 490 2350 plorarent
512 2299 649 2348 atque
671 2293 728 2335 ad
745 2305 849 2335 eum
867 2289 1102 2332 referrent.
1124 2286 1275 2331 Mirati
1298 2301 1454 2329 sumus
1479 2301 1652 2330 omnes:
1679 2301 1764 2330 nec
1786 2301 1895 2329 con—

262 2377 383 2414 stare
405 2370 589 2414 omnino
606 2375 782 2426 poterat
806 2382 886 2411 cur
910 2374 1000 2409 tam
1017 2379 1177 2409 seuere
1195 2370 1353 2420 ageret
1369 2363 1572 2420 pontifex
1591 2365 1622 2406 5:
1641 2363 1896 2408 sciebamus

263 2448 446 2504 quidem
470 2447 549 2501 illi,
574 2447 662 2490 iam
679 2446 785 2489 inde
803 2451 1044 2498 antequam
1062 2442 1134 2484 vel
1157 2441 1395 2497 episcopus
1412 2448 1532 2485 esset
1549 2441 1622 2485 vel
1638 2440 1893 2494 cardinalis,

264 2540 356 2568 non
378 2532 502 2569 recte
523 2523 794 2569 conuenisse
816 2535 920 2564 cum
945 2522 996 2564 P.
1030 2518 1222 2576 Ignatio;
1248 2518 1327 2561 sed
1349 2524 1507 2574 postea
1540 2525 1690 2563 tamen
1718 2525 1897 2562 nostros

341 2646 350 2666 ¹
402 2645 493 2690 Ms.,
512 2645 683 2691 Plzippo.

338 2706 352 2725 2
405 2704 665 2748 SAccfflNth,
681 2704 755 2738 loc.
775 2702 859 2747 cit.,
879 2713 916 2736 n.
937 2708 1000 2745 72.

339 2764 353 2783 ⁵
404 2764 481 2798 Ms.
493 2791 502 2808 ‚
522 2775 594 2799 cur
612 2775 702 2798 cur.
1183 2793 1186 2796 .

338 2824 353 2843 ⁴
403 2814 515 2857 Prius
534 2822 743 2869 scripserat
757 2820 894 2856 Nadal:
915 2818 1167 2855 cardinalem
1183 2820 1411 2852 tranensem
1430 2829 1478 2852 ac
1494 2828 1729 2861 romanmm·
1747 2821 1882 2863 postea
1891 2824 1907 2862 ,‘

267 2886 414 2917 mutata
432 2881 544 2917 litera
561 2894 600 2916 m
619 2882 663 2917 in
679 2893 711 2923 s,
731 2879 887 2927 scripsit
904 2878 1146 2921 cardinales,
1173 2875 1407 2912 cancellavit
1431 2879 1673 2919 tranensem,
1693 2881 1734 2912 et
1754 2876 1898 2912 oblitus

265 2945 330 2976 est
347 2940 504 2976 delendi
522 2952 738 2976 romanum
757 2939 843 2986 [sic,
862 2949 930 2986 pro
947 2936 1207 2982 reumanum]

340 3001 354 3022 5
403 2999 660 3042 SAccmNus,
682 3001 758 3036 loc.
782 3000 873 3043 cit.,
892 3010 962 3033 nn.
986 2996 1046 3041 76,
1066 3003 1129 3041 77.
