1958 3210
880 187 969 231 1553
1712 192 1734 229 7

106 298 377 347 quapropter
405 290 450 332 id
480 296 706 343 censeret,
739 290 948 344 probaret
980 290 1031 331 P.
1065 287 1282 343 Ignatius.
1318 286 1469 341 Redijt
1491 294 1593 342 post
1620 287 1735 328 duos

109 382 287 411 menses
315 367 360 408 in
399 366 595 410 Siciliam
624 381 726 408 cum
756 364 1171 408 constitutionibus.
1205 365 1467 406 Inchoatum
1492 362 1734 418 collegium

109 443 378 487 mutinense.
406 444 668 485 Inchoatum
692 441 934 497 collegium
958 440 1246 496 argentinum
1263 439 1309 481 in
1327 454 1438 495 agro
1462 438 1733 482 ferrariensi.

108 522 144 563 F
148 518 664 575 uliginense'collegium
683 519 1107 564 inchoatumflaec
1129 517 1221 558 duo
1243 515 1435 572 collegia
1453 530 1543 558 non
1560 516 1731 557 habue—

109 603 214 638 runt
235 609 512 648 successum3
548 597 633 637 hoc
667 595 785 638 enim
819 593 903 635 fuit
930 593 1213 644 destitutum,
1261 603 1386 646 15543
1427 592 1552 643 illud,
1606 601 1731 644 1557.

110 668 287 716 Causae
323 672 521 714 breuiter
559 671 867 727 attingendae.
909 671 988 712 32
1017 668 1272 724 Collegium
1302 668 1612 724 germanicum
1644 669 1735 710 Ro·-

108 763 206 792 mae
229 749 363 791 habet
385 748 577 799 initium,
604 747 788 790 iubente
812 746 926 788 Iulio
954 748 1031 800 3.⁰,
1064 752 1150 789 etc.
1178 746 1227 787 In
1251 744 1484 787 Corsicam
1507 746 1595 786 hoc
1619 759 1737 786 anno

108 825 271 867 missus
294 832 362 868 est
387 827 438 867 P.
464 824 682 868 Siluester
711 838 813 865 cum
838 823 976 865 socio.
1003 822 1117 865 Mira
1146 820 1344 865 efficacia
1366 828 1412 863 et
1435 821 1584 862 fructu
1607 835 1738 863 exer-

108 908 181 945 cet
203 900 449 943 ministeria
486 899 728 944 Societatis
755 907 799 943 et
828 899 888 941 ibi
918 898 1122 950 moritur,
1155 905 1240 940 etc.
1268 897 1469 953 Nauigat
1506 899 1567 940 M.
1594 898 1629 939 F
1633 912 1737 939 ran—

111 977 257 1020 ciscus
279 978 335 1019 ad
373 977 620 1020 Chinarum
659 976 907 1032 regionem,
940 990 1029 1031 quo
1062 982 1303 1029 antequam
1336 974 1666 1030 ingrederetur,
1693 974 1739 1015 in-

110 1054 311 1110 proxima
345 1053 491 1096 insula
519 1053 723 1105 moritur,
757 1068 807 1096 ac
852 1052 1161 1108 perseuerauit
1197 1051 1295 1094 eius
1332 1065 1495 1106 corpus
1533 1050 1738 1093 incorru*

110 1138 248 1187 ptum.
270 1130 373 1173 Alia
391 1138 621 1186 praeterea
638 1137 744 1173 sunt
761 1130 896 1171 huius
914 1129 997 1171 viri
1014 1129 1242 1171 miracula.
1264 1130 1418 1183 Quum
1437 1127 1562 1169 illum
1579 1141 1714 1170 vocas
1730 1154 1739 1156 -

111 1214 179 1250 set
222 1209 275 1250 P.
328 1207 533 1263 Ignatius
562 1208 618 1250 ad
653 1206 848 1249 officium
881 1205 1105 1261 generalis
1133 1204 1390 1261 praepositi,
1417 1211 1503 1247 etc.
1537 1204 1740 1247 Viennae

111 1284 157 1326 in
194 1284 398 1338 Austria,
440 1283 629 1327 moritur
675 1283 890 1339 magister
934 1282 1151 1326 Claudius
1179 1281 1343 1337 Iayius,
1380 1281 1470 1333 vir,
1511 1288 1596 1324 etc.
1641 1283 1737 1324 Ma-

111 1360 252 1417 gister
275 1360 486 1404 Canisius
509 1375 560 1403 ac
582 1359 798 1416 magister
827 1360 1078 1403 Gaudanus
1107 1358 1383 1414 Inglostadio
1412 1364 1677 1410 euocantur,
1709 1359 1714 1415 Ι

110 1436 263 1492 ibique
285 1444 330 1481 et
352 1438 621 1493 profitentur
649 1451 799 1480 sacras
828 1436 996 1489 literas,
1021 1443 1065 1478 et
1089 1435 1414 1477 concionantur
1442 1449 1546 1477 cum
1570 1435 1739 1476 fructu.

111 1515 181 1558 Ne
199 1516 253 1557 P.
274 1515 310 1557 F
314 1513 544 1557 ranciscus
561 1513 799 1556 cardinalis
817 1519 1045 1557 crearetur
1062 1511 1239 1555 curauit
1256 1512 1351 1567 ipse
1373 1518 1418 1554 et
1442 1514 1494 1554 P.
1516 1510 1736 1567 Ignatius;

111 1591 196 1633 fuit
218 1590 337 1633 enim
360 1591 407 1633 in
430 1606 484 1635 eo
522 1589 794 1642 discrimine,
830 1589 1097 1645 designatus
1119 1587 1291 1631 scilicet
1319 1604 1345 1631 a
1373 1589 1537 1631 Carolo
1559 1587 1737 1642 quinto.

112 1667 331 1724 Magister
353 1669 535 1723 Laynez
557 1682 609 1710 ac
632 1668 867 1711 Salmeron
896 1665 1102 1720 Venetijs
1130 1664 1474 1718 concionantur,
1501 1679 1553 1707 ac
1581 1672 1743 1707 curant

111 1752 160 1786 vt
176 1751 444 1788 venetorum
462 1743 716 1799 respublica
733 1742 985 1785 consentiat
1002 1742 1048 1784 in
1065 1741 1277 1784 vnionem
1295 1741 1520 1797 prioratus
1537 1740 1741 1785 Sanctis—

111 1820 251 1864 simae
274 1820 507 1863 Trinitatis
525 1821 579 1863 ad
597 1819 838 1876 collegium
862 1819 1140 1875 patauinum.
1163 1819 1504 1861 Condemnatur
1521 1819 1745 1860 Iohannes

111 1898 168 1942 de
190 1900 390 1942 Mercato
411 1897 524 1940 miro
547 1896 712 1939 iudicio
728 1896 775 1939 in
791 1911 1009 1952 magnum
1027 1895 1267 1939 Societatis
1285 1896 1502 1937 fauorem.
1524 1893 1746 1949 Magister

111 1974 268 2019 Simon
290 1975 341 2016 fit
378 1973 666 2030 prouincialis
704 1973 980 2029 Aragoniae,
1016 1972 1137 2027 quod
1169 1986 1336 2014 munus
1363 1986 1453 2014 non
1483 1971 1616 2027 gerit.
1645 1972 1738 2013 Man

111 2050 253 2107 gister
275 2051 437 2103 Miron,
470 2050 757 2106 prouincialis
787 2049 1112 2105 Portugalliae.
1139 2049 1219 2091 33
1242 2051 1298 2092 D.
1327 2050 1508 2100 Torres,
1536 2047 1744 2090 visitator

110 2127 432 2184 Portugalliae.
461 2127 749 2171 Perturbatio
772 2127 817 2169 in
840 2125 1032 2182 collegio
1055 2124 1432 2181 conymbrycensi
1454 2123 1741 2181 grauissima:

112 2205 168 2247 ad
190 2205 246 2247 60
271 2219 296 2247 e
322 2205 487 2247 nostris
509 2205 579 2248 vel
603 2204 778 2260 expulsi
800 2210 922 2255 sunt,
948 2204 1021 2247 vel
1044 2202 1201 2245 iniussi
1220 2201 1444 2246 abierunt.
1477 2201 1482 2259 Ι

857 2327 999 2373 [15]53

184 2436 335 2479 ‘Redit
374 2439 425 2479 P.
466 2437 787 2480 Domenechus
824 2437 1037 2485 Romam,
1078 2448 1130 2476 ac
1168 2433 1420 2477 destinatur
1456 2430 1745 2487 prouincialis

113 2513 272 2557 tertius
294 2512 489 2564 Siciliae,
515 2519 706 2555 euocato
744 2513 932 2555 Romam
971 2513 1024 2553 P.
1066 2509 1234 2562 Natali,
1268 2523 1401 2565 quem
1434 2510 1485 2551 P.
1519 2507 1741 2564 Ignatius,

110 2597 311 2632 creatum
335 2588 692 2632 commissarium
710 2589 969 2645 generalem
992 2587 1038 2629 in
1062 2587 1215 2643 regnis
1239 2585 1501 2642 Hispaniae,
1528 2584 1605 2627 illo
1623 2584 1744 2627 misit

111 2768 189 2814 psit
206 2768 245 2803 in
263 2769 370 2803 Hist.
393 2769 494 2810 Soc.‚
514 2773 613 2815 part.
641 2769 672 2812 Ι,
692 2767 760 2803 lib.
783 2776 839 2812 IX,
866 2780 904 2802 n.
929 2776 975 2801 I.:
1004 2767 1261 2812 «Quanquam
1286 2765 1389 2799 enim
1415 2776 1460 2799 ea
1484 2763 1532 2798 de
1547 2775 1588 2798 re
1604 2762 1674 2808 [sc.
1695 2762 1744 2796 de

108 2827 351 2874 professione
370 2827 644 2874 nuncupanda]
669 2826 910 2872 Hieronymo
935 2825 1065 2860 Natali
1091 2836 1214 2871 nuper
1238 2823 1383 2871 aliquid
1409 2822 1584 2869 Ignatius
1609 2822 1745 2857 innue-

109 2891 183 2930 rat,
215 2892 345 2922 tamen
380 2898 468 2922 cum
499 2899 607 2922 suam
638 2887 703 2922 ille
728 2886 961 2921 tenuitatem
986 2884 1163 2920 modeste
1188 2883 1354 2930 primum
1373 2886 1616 2924 excusasset,
1641 2880 1745 2927 quod

110 2945 260 2981 diceret
282 2945 446 2991 gradum
475 2945 584 2981 illum
612 2957 681 2981 sua
710 2946 855 2980 virtute
887 2943 1127 2991 superiorem
1157 2954 1259 2986 esse,
1290 2942 1464 2988 satisque
1489 2940 1564 2976 sibi
1594 2939 1691 2984 fore,
1711 2938 1745 2973 si

111 3004 214 3040 inter
231 3004 433 3040 Professos
451 3004 568 3039 trium
586 3009 765 3039 votorum
784 3004 1140 3039 adscriberetur...»
