1958 3210
244 194 289 227 40
809 183 851 216 P.
881 182 916 216 N
920 190 1068 217 ATALIS
1096 183 1315 217 EPHEMER.

238 292 466 338 tamquam
505 282 657 325 socius
687 280 849 339 [meam
879 297 1062 338 operam
1101 282 1360 341 conferam].
1397 282 1610 325 «Etiamsi
1638 281 1876 338 negotium

236 358 511 415 prouisionis
548 359 678 403 breui
725 359 986 416 [expedies],
1018 359 1024 417 Ι
1052 359 1165 402 dixit
1184 361 1336 412 Pater,
1363 366 1513 402 tamen
1551 358 1876 415 aliquantisper

237 435 441 480 manebis
463 435 511 477 in
535 435 802 491 Hispania.»

327 512 452 556 Dixit
474 526 565 554 non
584 527 683 556 esse
706 526 945 556 necessum
969 520 1019 554 vt
1041 519 1191 556 Vterer
1218 527 1308 569 ego
1333 513 1481 556 officio
1510 511 1805 567 commissarij
1830 512 1876 554 in

238 589 476 646 Hispania,
504 589 610 644 quia
632 596 728 632 erat
750 589 839 632 iam
862 589 952 632 illic
974 589 1325 632 commissarius:
1350 604 1483 646 posse
1500 597 1651 633 tamen
1679 605 1750 634 me
1772 603 1875 632 cum
1937 578 1938 581 Ἴ

242 670 292 710 P.
320 668 355 710 F
358 667 563 710 rancisco
586 666 735 710 omnia
758 681 912 723 agere:
945 681 1077 722 posse
1106 681 1189 709 nos
1218 667 1447 710 resoluere
1475 674 1520 710 et
1541 668 1647 710 dare
1680 665 1877 709 auctori-
1939 707 1940 728 ἢ

238 751 378 789 tatem
400 744 572 800 regulis
590 751 635 787 et
658 744 903 800 responsis,
930 758 1048 799 quae
1070 758 1157 801 ego
1180 745 1394 788 dederam
1412 743 1458 786 in
1476 743 1712 800 Hispania,
1738 750 1784 786 et
1805 757 1878 786 re—
1939 729 1940 772 l

238 822 419 864 soluere
436 828 671 878 praeterea
688 836 806 877 quae
823 830 1129 866 occurrerent.
1153 821 1202 866 Si
1221 823 1273 864 P.
1295 822 1330 864 F
1334 821 1566 864 ranciscus
1583 821 1695 864 nolit
1711 821 1879 865 habere
1941 848 1942 881 3

238 913 393 942 curam
417 898 686 951 animarum,
706 898 827 942 illam
844 913 1000 942 curam
1023 898 1274 942 committat
1291 898 1646 955 prouincialibus
1663 905 1709 941 et
1730 905 1878 941 recto-

239 976 378 1019 ribus.
406 976 644 1019 Commisit
667 976 776 1018 mihi
799 977 856 1020 de
880 976 1145 1021 fundatione
1167 977 1243 1020 65
1260 976 1438 1032 collegij
1459 975 1783 1020 maioricensis:
1811 982 1878 1017 ta-

239 1069 345 1098 men
367 1053 474 1096 illuc
506 1068 595 1110 ego
629 1068 725 1096 non
752 1053 873 1098 veni.
912 1053 1119 1097 Timebat
1152 1054 1349 1110 optimus
1384 1056 1518 1096 Pater
1552 1053 1744 1096 Paulum
1772 1065 1800 1106 4
1822 1066 1880 1094 ne

240 1133 429 1174 chorum
452 1131 671 1175 indiceret
693 1131 824 1174 nobis
847 1138 893 1174 et
914 1131 1134 1185 habitum;
1156 1131 1308 1187 itaque
1330 1130 1573 1187 diligenter
1590 1131 1880 1174 commenda—

242 1207 308 1250 uit
330 1207 439 1251 mihi
461 1215 507 1251 et
529 1223 609 1264 per
631 1223 704 1252 me
723 1210 775 1252 P.
797 1208 1033 1252 Ludouico
1050 1210 1298 1264 Goncalez,
1319 1208 1600 1264 Hieronymo
1617 1209 1881 1252 Domeneco

240 1293 287 1328 et
309 1285 641 1341 Ribadaneyra,
669 1292 718 1327 ut
741 1301 767 1329 a
788 1285 1068 1342 principibus
1091 1286 1437 1342 impetraremus
1459 1285 1631 1328 litteras
1649 1299 1881 1328 commen—

240 1362 422 1405 datitias
446 1362 687 1407 Societatis
710 1364 767 1406 ad
791 1364 1000 1406 Paulum.

331 1442 402 1484 De
430 1439 712 1496 profectione
740 1440 921 1496 Araozij
953 1440 998 1482 in
1022 1440 1256 1497 Angliam,
1284 1456 1378 1485 rem
1408 1439 1635 1483 commisit
1660 1442 1710 1482 P.
1739 1440 1883 1482 Fran-

242 1517 379 1560 cisco.
405 1518 573 1573 «Quod
589 1517 626 1560 si
645 1516 820 1575 (inquit)
839 1525 1086 1570 recusaret,
1109 1518 1272 1578 poterit
1289 1518 1353 1560 illi
1373 1520 1425 1560 P.
1447 1519 1482 1560 F
1487 1516 1720 1560 ranciscus
1738 1516 1883 1573 signi—

242 1596 379 1638 ficare
397 1609 533 1650 quam
551 1594 610 1637 sit
627 1594 796 1652 exigua
812 1594 1084 1638 existimatio
1112 1595 1118 1653 Ι
1148 1597 1318 1638 Romae
1335 1595 1460 1638 illum
1472 1601 1655 1651 propter
1666 1607 1882 1650 praesen—

244 1680 335 1715 tem
365 1671 738 1725 satisfactionem,
764 1672 1177 1725 conuersationem,
1203 1672 1440 1729 negligere
1462 1671 1620 1715 iuuare
1643 1670 1880 1727 collegia.»

243 1749 481 1805 Cogitauit
504 1752 641 1792 Pater
663 1749 789 1792 illum
813 1751 1002 1793 Romam
1024 1764 1234 1793 euocare.

333 1826 471 1870 Dedit
498 1826 607 1869 mihi
631 1828 682 1869 P.
711 1826 915 1883 Ignatius
938 1834 1145 1883 patentes
1167 1827 1336 1880 literas,
1369 1826 1535 1882 quibus
1562 1825 1789 1869 scribebat
1811 1840 1884 1869 me

244 1903 428 1958 quidem
451 1919 552 1948 esse
575 1904 745 1947 factum
774 1903 916 1960 ipsius
944 1904 1180 1958 vicarium,
1213 1904 1293 1947 sed
1322 1903 1440 1946 mitti
1470 1903 1558 1961 [ad]
1582 1902 1668 1946 alia
1700 1901 1885 1959 negotia

244 1980 292 2022 in
329 1980 612 2037 Hispaniam,
653 1989 740 2024 etc.
784 1980 951 2025 Missus
994 1981 1128 2024 simul
1166 1983 1217 2024 P.
1261 1980 1526 2025 Ludouicus
1569 1980 1797 2035 Goncales
1839 1979 1886 2021 in

242 2056 560 2118 [Lusitaniam]
582 2073 687 2101 cum
712 2059 944 2102 Bernardo
966 2058 1202 2115 iaponensi
1224 2066 1269 2103 et
1292 2058 1390 2114 alijs
1412 2059 1470 2101 ad
1499 2068 1547 2112 15
1572 2073 1628 2101 ex
1644 2057 1781 2112 varijs
1804 2071 1887 2099 na-

247 2135 462 2188 tionibus,
490 2150 604 2191 quos
633 2135 975 2192 impesssstrauit
1003 2151 1028 2179 a
1053 2138 1104 2178 P.
1138 2136 1332 2192 Ignatio:
1366 2150 1458 2178 non
1487 2142 1639 2179 tamen
1667 2133 1887 2178 successit

246 2213 359 2255 illud
382 2213 620 2256 consilium
644 2229 670 2258 e
687 2213 928 2257 sententia.

338 2291 621 2334 Bernardum
643 2289 934 2346 iaponensem
964 2297 1254 2334 conuerterat
1278 2292 1331 2332 P.
1359 2289 1530 2334 Xauier
1548 2289 1592 2351 in
1622 2290 1791 2344 Iapone
1813 2302 1887 2331 se-

246 2368 464 2411 cundum.
492 2368 705 2410 Habebat
721 2367 795 2410 hic
812 2382 1030 2424 magnum
1047 2381 1233 2411 sensum
1249 2366 1569 2422 mysteriorum
1592 2365 1714 2418 fidei,
1740 2364 1888 2408 nomi-

248 2444 388 2487 natim
411 2444 682 2488 sacramenti
706 2444 1032 2496 Eucharistiae,
1054 2443 1374 2500 poenitentiae,
1401 2451 1446 2488 et
1463 2442 1744 2487 auctoritatis
1761 2457 1887 2485 surn-

247 2522 309 2563 mi
331 2521 575 2577 pontificis.

340 2599 583 2654 Quomodo
606 2599 839 2655 respondit
860 2598 1077 2642 cardinali
1101 2599 1472 2655 compostellano,
1500 2605 1587 2642 etc.

339 2675 478 2720 Venit
500 2676 738 2719 nobiscum
760 2676 1036 2721 Florentiam
1064 2690 1208 2732 vsque
1230 2676 1546 2732 Ribadaneyra
1574 2674 1711 2718 animi
1733 2688 1886 2726 causa,

247 2761 429 2796 creatus
453 2760 615 2797 rector.
648 2753 655 2811 Ι
684 2753 962 2797 Florentiam
985 2768 1128 2809 vsque
1154 2753 1284 2809 petijt
1306 2768 1332 2796 a
1356 2768 1429 2797 me
1468 2767 1621 2798 meum
1653 2751 1890 2794 vasculum

248 2829 450 2872 indicum
475 2832 683 2883 cochum,
709 2837 755 2873 et
778 2845 804 2873 a
827 2832 879 2873 P.
906 2831 1111 2886 Goncale
1133 2830 1346 2887 pileolum
1374 2832 1382 2851 ¹
1412 2833 1462 2873 P.
1497 2829 1678 2886 Ignatij,
1704 2835 1791 2871 etc.

329 3000 335 3018 ¹
390 2997 480 3042 Ms.,
496 2998 687 3044 piliolum
700 3026 708 3034 .
