1958 3210
242 192 289 226 44
802 178 844 211 P.
866 177 1062 223 NATAMS
1090 177 1311 210 EPHEMER.

239 297 332 325 sem
356 279 678 335 impatientius,
711 278 716 335 Ι
743 277 938 320 laceraui
957 284 1106 319 tamen
1126 276 1222 318 illas
1239 275 1412 320 litteras
1429 283 1474 319 et
1491 275 1600 318 alias
1618 274 1775 330 scripsi
1792 290 1872 331 pa—

244 359 448 401 cariores.

327 435 626 490 Aegrotabat,
639 439 683 474 et
695 430 964 486 grauissime
983 430 1180 484 quidem,
1192 428 1407 484 magister
1425 430 1482 471 de
1495 429 1718 472 Montesia
1729 429 1865 472 domi.

240 510 435 567 Negotia
457 510 513 552 de
535 506 819 550 matrimonio
841 506 1061 562 magistri.
1090 504 1271 560 Sumpsi
1300 519 1462 560 aquam
1491 506 1662 560 aliquot
1691 505 1787 548 dies
1815 521 1871 549 ex

238 586 535 642 sarcaparilla.
563 583 692 627 Initio
717 598 857 638 quum
876 596 946 624 me
964 583 1194 626 videretur
1211 580 1385 633 iuuare,
1406 589 1451 624 et
1467 582 1639 638 largius
1657 583 1869 625 auderem

239 662 439 722 pota[re],
465 662 585 705 sensi
603 660 847 704 excitatum
866 661 1140 701 catarrhum:
1166 657 1355 700 nimium
1378 658 1622 702 deterritus
1645 659 1719 701 illo
1743 673 1868 710 casu,

237 740 365 784 omisi
388 754 561 795 aquam.
584 738 671 781 Hic
695 736 862 780 sentire
880 735 1007 790 coepi
1024 735 1303 779 debilitatem
1315 734 1463 778 dextri
1481 735 1668 790 brachij:
1694 734 1871 792 incoepi

235 817 403 861 sentire
426 815 598 872 pollicis
619 814 766 859 dextri
789 812 1067 856 debilitatem
1090 819 1134 854 et
1157 812 1452 855 difficultatem
1476 811 1522 853 in
1551 811 1807 855 scribendo.

328 896 483 938 Canus
505 893 758 948 exponebat
780 890 826 932 in
849 904 933 932 suo
960 889 1232 933 monasterio
1255 888 1505 932 Vallisoleti
1535 890 1608 931 74
1639 889 1872 945 epistolam

239 972 430 1028 priorem
445 971 500 1012 ad
519 969 822 1018 Timotheum,
834 973 879 1009 et
896 966 1065 1008 nullam
1075 965 1602 1009 omittebatoccasionem
1620 965 1873 1010 calumniae

238 1056 395 1092 contra
413 1046 704 1097 Societatem,
727 1042 904 1087 tametsi
928 1050 1081 1098 aperte
1103 1057 1192 1085 non
1216 1043 1396 1098 agebat.
1425 1043 1532 1084 Erat
1555 1043 1744 1086 Stradae
1767 1043 1872 1085 data

238 1126 396 1169 concio
413 1124 460 1166 in
482 1137 658 1166 summo
681 1121 849 1176 templo
873 1120 1078 1173 celebris;
1104 1119 1223 1162 illam
1241 1119 1406 1162 auertit
1429 1120 1485 1161 ad
1507 1134 1556 1163 se
1578 1120 1732 1162 Canus
1760 1134 1870 1162 con-

239 1203 431 1253 cionem,
446 1201 490 1243 in
506 1215 595 1255 qua
612 1207 656 1241 et
668 1198 754 1241 alia
765 1199 1005 1240 aduersum
1018 1212 1120 1248 nos,
1135 1204 1180 1241 et
1194 1196 1304 1238 illud
1320 1195 1600 1240 nominatim:
1620 1198 1872 1253 «abnegate

1590 1276 1599 1295 ¹
1632 1274 1871 1318 maledicto

238 1279 482 1330 hominem,
510 1276 585 1332 qui
608 1275 705 1319 heri
734 1274 878 1328 miles,
905 1282 973 1318 est
1009 1274 1144 1318 hodie
1181 1281 1411 1316 sanctus.»
1445 1275 1553 1329 Quo

238 1372 329 1400 non
352 1357 545 1399 obscure
568 1352 787 1409 appetiuit
810 1355 861 1395 P.
889 1353 924 1395 F
928 1351 1197 1403 ranciscum,
1224 1350 1300 1406 qui
1323 1352 1492 1394 aderat.
1519 1352 1663 1394 Multa
1690 1351 1872 1395 aliunde

236 1432 619 1488 intelligebamus,
646 1429 812 1485 quibus
833 1428 1021 1484 indigne
1044 1443 1126 1471 nos
1154 1428 1404 1483 accipiebat
1432 1427 1506 1470 hic
1534 1429 1703 1481 Canus;
1729 1429 1871 1470 multa

235 1510 333 1554 eius
350 1508 515 1551 sodalis
534 1510 681 1550 Penas
699 1506 846 1559 nobis,
877 1505 882 1560 Ι
912 1505 979 1547 vir
996 1505 1074 1548 illo
1091 1505 1297 1548 doctrina
1313 1520 1407 1547 non
1425 1504 1625 1557 inferior,
1647 1512 1693 1547 et
1705 1505 1873 1560 pietate

236 1585 577 1631 existimabatur
600 1583 771 1627 melior.
794 1582 882 1625 Hic
899 1582 1021 1624 domi
1042 1589 1444 1624 causam‘nostram
1467 1582 1756 1626 defendebat.
1776 1584 1871 1625 De-

235 1662 450 1706 siderauit
472 1662 545 1703 hic
568 1667 721 1703 noster
744 1666 1056 1715 propugnator
1078 1658 1241 1702 instrui
1264 1674 1289 1701 a
1306 1659 1452 1711 nobis,
1472 1666 1521 1701 vt
1539 1659 1733 1715 paratior
1750 1666 1872 1703 esset

236 1742 455 1784 aduersus
494 1740 688 1790 Canum,
724 1744 811 1780 etc.
855 1738 928 1779 Ab
972 1738 1058 1778 hoc
1096 1735 1203 1779 item
1248 1735 1607 1791 impetrauimus,
1646 1743 1696 1779 vt
1722 1736 1869 1792 capita

232 1832 398 1868 rerum,
438 1831 554 1871 quae
592 1821 771 1857 notaret
808 1814 980 1866 Canus,
1005 1812 1399 1866 ‚communicarem
1442 1815 1565 1868 quod
1595 1829 1685 1856 non
1723 1814 1868 1856 solum

236 1894 357 1946 fecit,
389 1894 468 1935 sed
507 1891 740 1947 respondit
778 1891 873 1947 ipse
911 1889 1063 1942 etiam,
1094 1889 1294 1933 breuiter
1331 1889 1530 1945 quidem,
1562 1891 1694 1934 docte
1717 1898 1869 1933 tamen

236 1979 281 2015 et
304 1971 391 2027 pie.

324 2049 461 2104 Quod
483 2047 659 2089 initium
682 2045 893 2090 habuerit
914 2047 1001 2088 hoc
1029 2045 1182 2088 odium
1211 2046 1284 2088 vel
1306 2044 1544 2088 insectatio
1573 2045 1703 2097 Cani,
1739 2045 1869 2090 facile

234 2141 323 2168 non
342 2124 546 2168 dixerim:
567 2123 660 2166 scio
683 2123 807 2165 illum
825 2123 1089 2165 oblocutum
1107 2122 1164 2166 de
1186 2121 1415 2166 Societate
1431 2123 1501 2165 ⁷5
1517 2137 1656 2178 quum
1674 2122 1868 2178 primum

233 2201 356 2246 venit
386 2204 442 2245 D.
477 2203 642 2244 Torres
673 2199 1011 2252 Salmanticam3
1037 2206 1082 2242 et
1105 2206 1213 2241 tunc
1243 2198 1441 2254 quidem,
1468 2213 1571 2242 cum
1601 2200 1869 2243 admonere—

235 2287 307 2321 tur
338 2294 363 2321 a
401 2278 542 2321 Tor're
579 2293 637 2322 ne
674 2277 942 2321 innocentes
980 2277 1238 2321 traduceret
1274 2277 1330 2319 ad
1368 2277 1601 2332 populum,
1636 2277 1864 2330 eludebat;

233 2357 528 2413 pollicebatur
544 2354 664 2398 enim
681 2368 729 2397 se
746 2353 949 2410 proxima
965 2353 1184 2397 concione
1199 2352 1486 2409 praeteritam
1503 2354 1865 2406 emendaturum,

231 2435 390 2477 eodem
413 2440 544 2484 teste,
570 2431 607 2474 si
631 2433 687 2474 ad
710 2431 974 2475 concionem
992 2430 1183 2483 veniret3
1209 2444 1299 2485 quo
1322 2445 1461 2485 quum
1483 2430 1659 2474 veniret
1681 2432 1863 2484 Torres,

233 2511 439 2553 acerbius
462 2524 596 2564 quam
614 2515 748 2553 antea
771 2508 950 2564 agebat.
985 2506 1250 2550 Existimaui
1281 2522 1368 2563 ego
1397 2509 1544 2551 zelum
1572 2507 1697 2551 illum
1727 2507 1868 2552 fuisse

234 2587 481 2644 religionis,
507 2601 641 2641 quem
664 2585 738 2629 ille
759 2599 868 2642 prae
885 2599 935 2628 se
958 2585 1146 2628 ferebat.

321 2663 494 2706 Audiui
517 2670 669 2707 tamen
690 2662 816 2705 illum
839 2661 1089 2718 pupugisse
1107 2661 1264 2704 falsam
1282 2663 1522 2717 quamdam
1545 2662 1865 2719 suspicionem,

232 2741 354 2796 quod
370 2740 468 2784 eius
484 2739 811 2796 promotionem
827 2739 883 2782 ad
911 2738 917 2796 Ι
944 2737 1233 2795 pinguiorem
1245 2738 1552 2795 episcopatum
1570 2754 1704 2795 quam
1715 2740 1865 2783 Cana—

233 2817 325 2861 riae
361 2817 689 2872 interpellasset
718 2815 940 2859 Araozius
968 2816 1088 2871 apud
1122 2814 1369 2871 principem
1395 2816 1667 2873 Philippum,
1704 2817 1801 2860 «No
1817 2830 1869 2860 se

307 2985 316 3003 ¹
369 2982 462 3024 Ms.‚
485 2994 577 3028 qua.
