1958 3210
670 185 691 220 9
717 175 963 210 DECEMBRls
993 173 1082 218 1562
1622 173 1681 208 181

68 276 228 334 quibus
249 282 470 331 purgatur
492 279 584 328 aer,
604 274 879 329 aliquantum
903 274 1051 317 minus
1073 275 1204 318 solito
1231 274 1431 328 saeuire;
1452 274 1686 331 pauciores

65 351 281 408 siquidem
304 351 426 394 hisce
449 350 699 407 praeteritis
721 351 897 393 duabus
920 350 1178 406 septimanis
1201 366 1255 394 ex
1284 354 1367 394 hac
1394 352 1496 395 luce
1517 351 1684 408 migra-

67 435 183 479 runt,
205 442 337 482 quam
361 427 522 483 elapsis
545 427 789 479 mensibus3
815 427 919 470 licet
941 426 1036 482 ipsa
1059 428 1195 471 finem
1218 428 1400 472 minime
1423 428 1685 484 polliceatur

65 504 208 558 nobis,
234 505 354 558 quod
376 505 468 547 fere
499 503 631 547 solito
652 518 774 546 more
805 503 956 545 uicum
994 511 1197 546 nostrum
1236 511 1280 548 et
1318 504 1491 547 uicinos
1513 504 1680 548 uisitet.

64 582 156 626 Nos
192 579 369 623 interim
406 588 566 623 contra
602 582 719 642 hanc
755 581 875 622 luem
913 579 959 621 in
996 580 1148 635 primis
1180 580 1347 623 vtimur
1365 580 1529 623 diuinis
1547 583 1682 637 phar—

64 658 212 709 macis,
239 656 336 701 sine
358 657 521 712 quibus
545 657 692 700 anima
713 656 758 699 in
782 671 967 712 corpore
996 671 1104 699 sano
1129 657 1386 712 turpissima
1410 664 1534 713 peste
1557 659 1679 700 labo-

65 741 145 786 rat3
191 741 286 775 tum
331 733 552 785 humanis,
600 733 725 776 iuxta
767 733 1048 788 superiorum
1091 740 1347 776 nostrorum
1392 735 1517 789 leges
1555 735 1683 777 nobis

61 810 369 867 praescriptas,
388 824 444 852 ne
466 812 614 854 Deum
639 811 773 867 (quod
791 810 920 865 absit)
941 817 1114 853 tentare
1131 810 1383 853 uideamur.
1406 811 1491 853 His
1509 811 1684 855 accedit

62 886 421 930 charissimorum
441 888 627 929 Patrum
646 901 697 929 ac
716 887 919 939 fratrum,
946 901 1136 941 quorum
1154 886 1365 942 precibus
1383 887 1683 930 commendati

60 977 227 1014 sumus,
249 963 413 1005 deuota
448 962 605 1016 oratio,
632 978 746 1018 quae
779 978 860 1006 nos
892 970 1048 1006 contra
1075 963 1259 1006 insidias
1288 964 1480 1007 latentes
1519 964 1678 1015 munit,

58 1039 267 1093 virusque
289 1047 501 1083 externae
524 1054 576 1082 ac
598 1039 801 1083 internae
824 1040 962 1095 pestis
995 1040 1190 1095 expellit,
1216 1055 1297 1095 pro
1321 1040 1485 1096 quibus
1509 1041 1681 1083 benefi—

59 1114 136 1158 ciis
168 1130 302 1170 quam
325 1116 540 1158 maximas
562 1118 780 1159 habemus
799 1116 982 1172 gratias.

117 1206 156 1246 3.
220 1194 291 1236 De
333 1194 468 1235 rebus
510 1193 688 1249 collegii
726 1193 1070 1249 particularibus
1093 1209 1183 1236 non
1220 1195 1365 1236 habeo
1403 1208 1523 1236 nunc
1562 1195 1681 1248 quod

58 1268 261 1311 scribam.
289 1270 467 1312 Fratres
490 1277 594 1312 sunt
618 1285 773 1313 omnes
806 1270 960 1325 quieti,
986 1270 1139 1312 deuoti
1172 1278 1216 1313 et
1253 1271 1357 1314 laeti
1389 1271 1435 1312 in
1464 1270 1674 1323 Domino,

59 1345 198 1400 parati
221 1346 383 1400 quouis
413 1354 612 1401 tempore
636 1346 693 1402 (si
720 1348 819 1390 Deo
848 1347 1013 1402 placet)
1038 1347 1208 1390 animas
1245 1347 1447 1391 Creatori
1475 1347 1674 1390 reddere.

60 1422 271 1476 Superest
294 1430 344 1464 ut
366 1430 444 1465 tua
461 1424 572 1466 Rda.
602 1423 855 1466 Paternitas
873 1438 970 1477 nos,
994 1431 1042 1466 ut
1065 1431 1196 1466 antea
1216 1423 1336 1476 fecit,
1357 1423 1537 1466 diuinae
1555 1437 1680 1466 com-

59 1498 235 1541 mendet
257 1499 464 1554 bonitati,
489 1515 690 1555 suosque
712 1500 871 1543 filiolos
894 1501 939 1542 in
962 1501 1085 1543 hisce
1108 1500 1437 1543 calamitatibus
1461 1501 1516 1542 ab
1538 1500 1677 1543 hosti-

57 1575 139 1617 bus
175 1575 371 1618 externis
400 1576 678 1632 internisque
707 1584 888 1620 tueatur
917 1591 969 1620 ac
1006 1585 1224 1633 protegat.
1267 1578 1393 1620 Vale.
1429 1579 1588 1620 Patres
1625 1592 1676 1619 ac

60 1651 215 1695 fratres
238 1653 293 1695 V.
321 1654 374 1695 R.
402 1653 612 1696 salutant.
640 1655 688 1696 R.
717 1656 768 1696 P.
796 1655 849 1696 T.
876 1668 1035 1697 seruus
1058 1654 1104 1696 in
1133 1653 1330 1696 Christo.

860 1733 1137 1774 DOMINICUS
1162 1733 1437 1775 MENGINUS.

145 1805 385 1859 Monachii,
413 1818 435 1860 5
460 1806 561 1849 idus
584 1807 848 1851 Decembris
872 1808 996 1861 1562.

146 1882 384 1937 Inscriptio
406 1884 454 1925 in
477 1887 642 1938 quarta
672 1886 870 1940 pagina:
898 1885 1010 1927 Rdo.
1037 1885 1082 1926 in
1106 1885 1246 1927 Chro.
1274 1884 1396 1927 Patri
1426 1886 1482 1927 D.
1510 1883 1675 1928 Hiero-

59 1972 189 2012 nymo
224 1959 395 2011 Natali,
422 1960 594 2002 doctori
623 1961 834 2016 theologo
873 1976 925 2004 ac
962 1960 1260 2017 collegiorum
1299 1960 1539 2005 Societatis
1564 1962 1674 2018 Jesu

56 2027 269 2071 visitatori
291 2029 528 2073 ordinario.
558 2031 818 2086 Oeniponti.
856 2032 1111 2074 cancellata
1134 2035 1289 2086 postea
1309 2045 1410 2073 voce
1429 2031 1678 2087 Oeniponti

58 2105 151 2146 eius
187 2106 274 2147 loco
309 2121 471 2149 nomen
500 2106 704 2150 Viennae
741 2109 1027 2150 substitutum
1065 2112 1143 2150 est.
1172 2109 1279 2150 Alia
1316 2123 1474 2150 manu:
1500 2122 1607 2163 para
1638 2108 1679 2151 el

60 2181 110 2222 Ρ.
146 2182 382 2226 Francisco
415 2184 470 2226 de
501 2184 646 2239 Borja.
666 2186 725 2226 Es
748 2185 804 2228 de
829 2184 1009 2228 Monico
1048 2186 1075 2227 ¹.
1102 2185 1224 2227 Alia:
1252 2185 1376 2239 1562.
1419 2183 1672 2227 Monachio.

59 2257 109 2300 P.
135 2258 369 2302 Dominico
386 2261 442 2303 de
471 2271 494 2315 5
525 2263 791 2315 Decembre3
824 2262 940 2317 quod
964 2262 1184 2314 mendose,
1208 2265 1256 2303 ut
1278 2276 1333 2303 ex
1358 2262 1456 2316 ipsa
1478 2260 1675 2316 epistola,

55 2333 172 2376 clare
195 2336 437 2392 colligitur,
461 2339 681 2393 scriptum
703 2342 780 2380 est.
808 2339 946 2380 Extat
969 2339 1118 2395 sigilli
1140 2339 1401 2394 vestigium.

127 2515 137 2535 ³
186 2518 243 2552 Ex
261 2519 331 2553 hac
345 2520 465 2555 altera
480 2520 730 2566 inscriptione
744 2521 874 2566 colligi
890 2532 1004 2567 posse
1020 2520 1176 2555 videtur
1190 2521 1288 2554 hanc
1303 2519 1521 2565 epistolam,
1537 2519 1676 2553 lectam

57 2583 79 2608 a
96 2574 221 2611 Natali
238 2578 439 2623 Tridento,
458 2578 547 2614 inde
565 2579 613 2614 ad
631 2580 674 2615 S.
700 2580 730 2614 F
732 2580 947 2615 ranciscum
966 2579 1013 2614 de
1032 2579 1147 2624 Borja
1165 2579 1327 2613 Romam
1352 2577 1509 2612 missam
1533 2577 1670 2613 fuisse.
