1958 3210
717 194 933 234 APPEme
1557 212 1622 250 575

23 310 82 353 14.
101 296 259 351 Neque
276 294 502 361 sacerdos,
521 309 668 350 neque
685 297 740 339 ad
758 299 895 340 Vllum
913 300 1111 345 ordinem
1130 311 1375 357 promotus.
1404 316 1465 359 15.
1486 307 1626 349 Roma

7 365 62 404 -et
83 352 512 421 Mon-ach1J.·[Mag.]
540 368 575 397 1.
598 356 831 409 Syntaxim
850 358 1047 412 latinam,
1068 364 1401 415 grammaticam
1421 379 1625 417 graecam

17 418 61 466 et
77 415 291 465 Laehum,
313 427 410 455 siue
426 414 482 455 de
499 413 693 457 amicitia
710 414 888 469 librum,
909 418 1069 460 abhinc
1090 428 1177 463 tres
1196 430 1272 463 aut
1290 410 1479 476 quatrior
1498 439 1622 466 men-

19 489 101 520 ses.
137 471 273 531 [Son]
307 484 349 538 Ι...
376 473 633 538 Antequam
671 473 930 528 ingrederer
967 477 1251 530 Societatem,
1285 489 1371 522 tam
1397 483 1626 525 Cameraci

15 548 147 595 ¹quam
166 533 368 596 Lovanu,
383 545 582 585 qumque
600 532 800 574 fortassis
819 548 959 576 annos
976 550 1153 590 operam
1171 539 1271 581 dedi
1290 540 1447 591 studiis
1465 543 1625 583 huma-

8 590 168 649 ,nitatis
190 598 235 632 et
256 590 579 646 philosophiae3
605 598 839 645 postquam
863 607 959 634 sum
980 594 1224 648 ingressus,
1245 590 1509 640 humanitati
1530 608 1627 642 tan-

3 660 109 698 'tum
133 657 176 694 et
198 648 446 692 rhetoricae
469 650 582 691 duos
605 664 748 691 annos
771 658 814 692 et
837 652 951 706 plus.
978 651 1069 709 [IV,
1097 666 1196 710 279,
1223 658 1320 710 280]

107 722 142 753 Ι.
206 708 399 750 ΜίεΙιίιὲἰ
415 708 538 762 Spes,
561 720 602 750 2.
628 708 980 763 Vigintinovem.
1004 725 1043 765 3.
1067 714 1311 768 Hispanus,
1339 717 1627 769 aragonensis

19 777 61 817 et
80 773 530 822 caesaraugustanus.
558 779 596 819 4.
622 768 697 809 An
729 769 991 823 superstites
1020 772 1180 814 habeat
1208 761 1427 828 parentes.
1455 776 1622 818 Habet.

0 834 60 884 25.
84 827 340 882 Respondet
368 839 467 869 esse
490 825 670 877 diuites,
696 825 733 867 si
761 827 976 870 rationem
1007 829 1074 871 sui
1104 838 1246 873 status
1275 833 1623 876 consideremus:

0 886 175 944 >quippe
196 899 298 927 cum
322 899 406 928 nec
434 884 650 927 illustrem
679 884 816 927 vitam
840 887 1028 941 degant,
1055 903 1137 930 nec
1167 890 1346 932 omnino
1376 893 1623 944 vulgarem,

4 946 108 994 ,sine
131 945 220 987 ullo
243 943 306 988 rei
329 943 602 987 domesticae
631 952 901 987 nocumento
930 946 1097 1000 aliquot
1119 948 1238 990 milia
1269 938 1501 992 aureorum
1528 966 1627 1005 pos-

6 1011 113 1050 sent
129 1004 395 1058 expendere.
419 1003 461 1045 6.
483 1003 665 1046 Habere
683 1002 861 1056 quidem
882 1006 1038 1047 fratres
1057 1014 1099 1047 et
1122 1003 1316 1059 sorores}
1332 1010 1408 1050 sed
1427 1011 1480 1051 de
1504 1024 1603 1050 soro

10 1063 137 1118 ,ri-bus
154 1062 263 1104 nihil
286 1076 416 1118 posse
438 1061 548 1104 certi
572 1062 754 1111 referre,
776 1070 1084 1117 praeterquam
1109 1064 1204 1107 illas
1227 1081 1314 1108 non
1338 1081 1435 1109 esse
1458 1083 1625 1123 paupe—

0 1134 101 1176 'res3
125 1136 281 1165 verum
305 1136 362 1163 an
384 1135 464 1176 pro
492 1119 663 1163 ratione
687 1120 755 1162 sui
778 1128 921 1163 status
944 1124 1188 1175 abundent,
1219 1125 1408 1172 dubitat.
1442 1127 1545 1180 quia
1574 1128 1629 1169 de

21 1181 108 1227 suis
132 1179 303 1222 maritis
331 1180 472 1222 multa
500 1179 679 1222 diuersa
706 1180 900 1233 audiuit3
934 1181 1002 1236 alij
1036 1182 1153 1224 enim
1182 1183 1335 1225 dicunt
1367 1184 1463 1226 illos
1493 1200 1629 1239 pecu-

20 1241 180 1292 niosos,
202 1239 272 1293 alij
292 1253 438 1282 secus.
460 1239 701 1282 Caeterum
719 1240 806 1280 hoc
824 1253 961 1281 unum
981 1240 1063 1282 scit
1080 1241 1176 1283 illos
1194 1257 1290 1284 esse
1309 1242 1444 1285 nobili
1463 1258 1629 1296 genere

19 1307 157 1344 natos.
186 1301 341 1350 Porro,
361 1298 419 1342 de
435 1297 661 1349 fratribus,
683 1298 796 1339 duos
812 1300 992 1351 habere,
1011 1300 1197 1341 alterum
1216 1296 1490 1356 religiosum,
1518 1303 1629 1345 alte-

0 1370 110 1402 ›rum
131 1358 422 1409 saecularem,
442 1364 487 1400 et
508 1358 630 1398 hunc
653 1357 851 1398 futurum
875 1357 1077 1401 ditiorem
1101 1374 1182 1401 suo
1205 1367 1343 1414 patre,
1364 1360 1468 1414 quia
1491 1375 1628 1414 quae—

0 1419 112 1471 pdam
133 1417 219 1459 iam
243 1416 484 1472 peculiaria
507 1415 720 1471 possidet,
746 1423 796 1472 et.
813 1416 1002 1459 subinde
1025 1417 1156 1459 etiam
1180 1432 1471 1462 successurus
1495 1428 1561 1462 est
1585 1419 1629 1460 in

0 1476 138 1522 *bonis
155 1475 367 1531 paternis.
395 1487 435 1529 7.
462 1476 642 1518 Nullam
661 1482 827 1516 certam
846 1476 991 1518 adhuc
1010 1483 1117 1518 tunc
1135 1477 1359 1528 statuisse,
1380 1479 1459 1519 sed
1477 1478 1627 1521 venis-

0 1546 63 1581 l'Se
82 1551 135 1580 ex
152 1535 386 1590 Hispania,
407 1541 457 1576 ut
474 1533 519 1576 in
543 1533 707 1576 familia
726 1534 894 1577 ReV.rr1i
918 1535 1154 1577 cardinalis
1177 1536 1231 1577 de
1254 1537 1294 1577 la
1316 1537 1470 1578 Cueva
1493 1545 1625 1587 esset,

0 1594 89 1653 iqui
122 1594 246 1636 illum
289 1594 415 1637 velut
467 1593 607 1635 filium
646 1592 904 1648 adoptivum
947 1593 991 1635 in
1030 1594 1246 1649 Hispania
1288 1595 1487 1636 futurum
1532 1610 1628 1637 esse

0 1653 165 1709 excoluit.
193 1656 332 1697 Porro
363 1667 523 1696 suassu
541 1651 806 1709 cuius[dam]
829 1651 989 1694 nobilis
1012 1653 1093 1694 viri
1116 1653 1314 1705 neglexit
1341 1654 1625 1705 cardinalem,

0 1713 85 1759 seui
106 1727 187 1757 nec
209 1712 359 1755 literas
381 1719 588 1767 paternas
610 1710 748 1763 dedit,
775 1718 819 1753 et
843 1711 1033 1754 subinde
1055 1712 1148 1766 egit
1171 1714 1336 1754 Romae
1360 1728 1436 1767 per
1459 1728 1623 1754 annum

0 1771 247 1828 nquamdam
275 1786 455 1815 causam
484 1770 683 1814 eiusdem
710 1770 872 1812 nobilis
899 1770 981 1812 viri
1003 1771 1121 1826 apud
1150 1771 1372 1813 auditores
1396 1773 1558 1815 Rotae.
1580 1806 1586 1812 .
1610 1807 1617 1813 .

7 1843 86 1876 ;12.
124 1832 183 1876 Se
213 1831 305 1886 jam
343 1830 491 1886 egisse
521 1831 659 1873 ferme
693 1830 846 1872 decem
882 1844 1022 1871 annos
1057 1830 1101 1871 in
1139 1829 1360 1873 Societate
1398 1830 1626 1884 fuisseque

4 1898 237 1947 {receptum
260 1892 427 1933 Romae
449 1889 493 1931 in
523 1889 655 1931 domo
684 1890 1001 1943 professorum,
1026 1888 1135 1941 sive,
1164 1896 1212 1930 ut
1234 1889 1373 1939 aiunt,
1401 1889 1626 1943 probatio-

8 1949 100 2006 [n'is.
120 1984 156 1992 ..
209 1962 274 2002 14.
315 1950 374 1993 Se
402 1949 656 2004 ingressum
685 1947 823 1991 fuisse
851 1947 1120 1991 Societatem
1150 1947 1326 1998 laicum,
1361 1950 1453 1989 sola
1484 1948 1625 2003 prima

19 2015 192 2052 tonsura
222 2007 503 2064 insignitum,
529 2007 574 2048 in
598 2007 824 2051 Societate
847 2021 953 2048 vero
985 2014 1239 2062 promotum
1263 2010 1359 2048 esSe
1396 2008 1450 2049 ad
1480 2022 1628 2049 sacer—

7 2063 180 2112 ldotium
221 2074 324 2111 ante
347 2081 489 2109 annos
510 2066 561 2123 (si
590 2072 710 2108 recte
748 2065 961 2120 meminit)
986 2074 1190 2120 quatuor.
1240 2077 1303 2118 15.
1350 2065 1480 2108 Breui
1514 2073 1621 2108 tem-

9 2137 116 2183 §pore
135 2127 180 2169 in
202 2126 354 2169 multis
378 2126 530 2177 fuisse,
553 2126 632 2168 sed
655 2125 824 2167 diutius
855 2124 1002 2180 egisse
1027 2125 1071 2166 in
1090 2131 1296 2179 quatuor.
1328 2125 1375 2165 In
1405 2124 1627 2179 panormi-

10 2193 116 2233 {tano
153 2185 294 2228 tribus
331 2185 482 2239 annis,
523 2185 700 2227 duobus
738 2184 782 2226 in
825 2183 1046 2226 nouitiatu
1084 2191 1127 2225 et
1159 2183 1375 2237 reliquum
1417 2183 1626 2237 temporis

12 2243 62 2298 uin
94 2245 282 2301 collegio
318 2258 592 2300 syracusano
629 2251 731 2286 octo
768 2245 840 2285 vel
882 2244 1035 2286 decem
1074 2242 1321 2292 1nensibus3
1363 2241 1407 2282 in
1447 2241 1649 2283 romano'

12 2304 129 2350 tultra
150 2319 331 2356 annum,
358 2303 395 2347 si
422 2303 686 2346 numerandi
711 2309 816 2345 sunt
839 2302 1008 2356 aliquot
1032 2316 1208 2344 menses
1237 2300 1398 2354 quibus
1432 2301 1513 2342 fuit
1536 2302 1626 2355 Ty—

12 2362 129 2417 ffbu'ri3
172 2363 217 2406 in
254 2363 475 2419 genuensi
506 2363 644 2406 ferme
689 2361 831 2404 tribus
868 2361 1025 2412 annis;
1057 2360 1101 2402 in
1131 2359 1326 2402 amerino
1359 2374 1447 2400 uno
1481 2374 1615 2401 anno,

15 2421 317 2466 AConcionatus
333 2429 401 2465 est
419 2421 551 2466 etiam
570 2422 626 2464 ab
643 2436 696 2464 eo
715 2428 930 2476 tempore,
951 2434 1039 2474 quo
1057 2426 1150 2462 erat
1173 2418 1381 2460 novitius:
1403 2425 1625 2459 caeterum

14 2480 155 2526 «serius
181 2481 249 2524 his
278 2481 420 2524 tribus
456 2480 624 2523 ultimis
660 2480 808 2532 annis;
849 2479 1067 2534 siquidem
1099 2477 1205 2520 alias
1228 2478 1271 2518 in
1301 2476 1552 2519 carceribus
1581 2484 1626 2518 et

14 2540 275 2599 ixenodochij
307 2547 481 2583 tantum
509 2540 705 2583 habebat
733 2538 986 2590 conciones,
1011 2537 1080 2579 his
1103 2551 1208 2579 vero
1240 2535 1471 2590 postremis
1500 2535 1626 2577 annis

16 2596 123 2644 &illud
142 2599 286 2656 ipsum
309 2599 534 2643 interdum
558 2598 679 2650 fecit,
705 2598 783 2642 sed
801 2597 1078 2653 potissimum
1102 2594 1291 2650 singulis
1309 2594 1465 2636 diebus
1483 2594 1624 2635 domi-

16 2655 125 2704 micis
145 2665 189 2703 et
205 2659 303 2714 alijs
319 2658 587 2714 quibusdam
604 2657 763 2700 diebus
781 2655 906 2700 festis
928 2655 973 2697 in
995 2654 1184 2710 publicis
1203 2653 1391 2707 templis,
1414 2660 1505 2694 tum
1530 2653 1625 2695 Ge-

31 2724 144 2770 Juae,
161 2724 255 2761 tum
272 2718 318 2761 in
335 2732 510 2761 summo
529 2718 695 2772 templo
714 2714 956 2767 Camerini,
977 2721 1200 2769 postremo
1218 2712 1386 2767 Tyburi
1404 2711 1449 2752 in
1474 2719 1625 2753 nostro

17 2774 191 2832 templo,
215 2784 260 2820 et
282 2776 492 2820 Ameriae
514 2776 647 2819 etiam
670 2776 715 2817 in
737 2781 893 2818 nostro
917 2773 1096 2828 templo,
1123 2779 1166 2815 et
1189 2771 1233 2813 in
1251 2784 1424 2813 summo
1447 2770 1542 2813 eius
1560 2769 1624 2811 ci-

19 2870 22 2878 .
48 2832 163 2878 itatis
184 2837 364 2891 templo.
395 2837 488 2892 [IV,
515 2834 730 2891 252—256]

108 2906 143 2937 Ι.
207 2892 477 2938 Chamo—me
501 2895 687 2937 Nicolao
714 2893 929 2937 Gracida.
957 2903 997 2933 2.
1025 2892 1117 2934 Sou
1140 2890 1195 2931 de
1217 2888 1340 2930 uinte
1363 2902 1386 2929 e
1409 2888 1520 2928 dous
1544 2901 1623 2928 an-

20 2965 113 2997 mos.
139 2966 178 3009 3.
203 2955 273 2998 Da
294 2953 451 2999 cidade
479 2954 536 2997 de
564 2954 816 3008 Valenca...
856 2963 920 3005 14.
947 2951 1248 2993 Recebeo-me
1270 2962 1296 2989 o
1322 2947 1462 2989 Padre
1487 2946 1624 2988 Mirao
