1958 3210
892 208 980 244 Ι557
1706 208 1749 243 57

123 309 340 350 futurum:
366 304 619 347 nominaret
639 306 772 346 Pater
790 302 983 345 vicarius
1000 302 1194 357 aliquem
1212 301 1501 353 cardinalem,
1521 316 1600 358 per
1617 315 1751 356 quem

123 383 295 440 ipsede
317 381 386 423 his
409 381 545 424 rebus
573 386 884 435 cognosceret:
910 394 1014 421 eum
1036 378 1166 421 nobis
1185 379 1280 422 fore
1301 378 1607 434 gratissimum
1629 379 1638 398 ¹
1665 378 1752 435 (re—

124 458 304 516 spondit
322 458 471 513 Pater)
490 471 624 512 quem
642 456 780 512 ipsius
799 456 1013 499 sanctitas
1036 455 1310 511 designaret.
1338 457 1418 498 Est
1440 455 1706 511 designatus
1727 471 1753 498 a

126 536 268 580 Paulo
290 532 622 577 alexandrinus.
656 532 744 576 Hic
788 532 1056 576 amicissime
1092 531 1327 574 nobiscum
1355 531 1465 587 egit:
1486 531 1752 574 interlssss-

126 612 236 656 dixit
258 611 450 667 primum
475 609 735 653 Bobadillae
758 616 802 651 et
827 609 1008 661 Pontio,
1034 623 1091 652 ne
1112 609 1301 651 verbum
1330 609 1344 628 ²
1374 609 1515 651 Vllum
1537 609 1593 651 de
1615 622 1752 650 causa
1790 616 1794 619 “

125 691 325 733 facerent
348 686 559 742 cuiquam
582 672 897 741 praeterquam
921 685 1005 728 sibi
1029 687 1059 728 ⁵.

211 764 355 820 Erigit
377 779 425 808 se
448 763 493 805 in
516 778 642 818 spem
665 777 832 805 nouam
858 763 1107 814 Bobadilla,
1134 762 1377 805 conscribit
1399 761 1627 813 articulos,
1653 761 1753 804 illos

124 841 350 892 Patribus,
378 855 490 895 quos
512 839 597 882 sibi
625 841 773 881 adhuc
802 839 954 882 fauere
982 839 1284 881 arbitrabatur
1313 845 1530 890 ostemn,
1564 838 1676 893 petit
1699 838 1732 896 [?

123 918 256 962 etiam
279 917 387 972 quid
409 916 498 959 sint
515 915 788 971 responsuri.
816 917 943 958 Haec
973 929 1076 957 cum
1106 914 1429 958 tumultuosius
1452 922 1624 970 ageret,
1650 931 1754 970 per—

125 1001 348 1039 uenerunt
370 995 427 1037 ad
448 992 665 1036 vicarium
688 999 733 1034 et
755 992 932 1035 articuli
955 1000 999 1036 et
1021 991 1349 1047 responsiones.

215 1071 370 1115 Voluit
392 1084 548 1113 omnes
572 1072 729 1112 Patres
752 1069 907 1111 audire
930 1068 1246 1112 alexandrinus
1268 1066 1354 1127 [de]
1376 1068 1462 1121 his,
1483 1076 1528 1112 et
1560 1068 1658 1112 eius
1690 1070 1753 1112 rei

127 1149 272 1207 gratia
307 1148 451 1191 noluit
478 1147 484 1205 Ι
512 1162 595 1190 nos
617 1147 673 1189 ad
695 1162 744 1191 se
766 1148 822 1189 ad
844 1146 937 1189 diui
961 1146 1083 1189 Petri
1106 1146 1275 1197 venire,
1302 1147 1380 1189 sed
1419 1145 1543 1189 venit
1564 1146 1660 1202 ipse
1697 1148 1753 1189 ad

128 1241 224 1270 nos.
266 1225 449 1268 Auditis
487 1223 698 1268 omnibus
737 1223 964 1275 Patribus,
998 1237 1087 1265 non
1121 1224 1313 1265 obscure
1341 1222 1620 1267 intellectum
1665 1231 1751 1276 est,

127 1303 238 1346 nihil
259 1302 381 1345 aliud
398 1301 670 1344 cardinalem
686 1316 742 1344 ex
764 1300 884 1343 omni
907 1300 1084 1343 actione
1106 1299 1345 1355 collegisse
1366 1314 1501 1354 quam
1523 1302 1752 1356 prophane

128 1395 180 1424 ac
204 1379 416 1423 seditiose
439 1378 588 1435 egisse
610 1367 724 1420 duos
761 1392 969 1434 proceres
1002 1376 1280 1419 Bobadillam
1317 1384 1362 1420 et
1399 1375 1628 1429 Pontium,
1655 1392 1753 1419 am-

126 1456 340 1500 bitionem
365 1463 409 1499 et
431 1456 570 1498 malas
592 1462 710 1498 artes
733 1454 894 1498 fecisse
918 1455 1080 1510 palam;
1101 1453 1211 1495 nihil
1244 1461 1394 1497 tamen
1425 1453 1752 1509 pronuntiauit,

127 1548 273 1589 neque
308 1533 405 1576 eius
446 1540 542 1577 erat
577 1532 885 1589 pronuntiare,
912 1533 991 1574 sed
1028 1546 1084 1574 ex
1106 1530 1218 1573 actis
1247 1531 1412 1574 referre
1450 1532 1505 1573 ad
1544 1531 1750 1574 Paulum.

130 1611 250 1654 Hinc
271 1610 418 1654 omnia
457 1611 640 1653 fuerunt
670 1609 800 1651 nobis
843 1608 1161 1651 commodiora:
1189 1607 1344 1650 timere
1375 1607 1459 1649 sibi
1504 1607 1753 1659 Bobadilla,

129 1687 301 1731 solicite
322 1702 457 1744 agere
480 1687 599 1729 103
620 1692 670 1728 vt
692 1701 718 1728 a
739 1685 954 1728 cardinali
977 1686 1024 1729 S.
1060 1685 1235 1736 Florae,
1269 1684 1345 1739 qui
1369 1684 1710 1726 obtinueratmit
1725 1711 1746 1715 -

130 1772 222 1810 tere
259 1766 315 1808 ad
350 1764 656 1807 visitationem
694 1762 951 1818 monasterij
991 1762 1241 1814 cuiusdam,
1292 1761 1560 1805 mitteretur.
1600 1763 1757 1816 ltaque

129 1842 283 1898 paucis
305 1842 391 1884 illis
418 1841 579 1885 diebus
600 1840 757 1883 difisus
779 1855 943 1883 causae
964 1839 1170 1882 discessit
1193 1839 1224 1882 ¹⁴.

219 1919 410 1962 Pontius
450 1933 557 1962 vero
598 1917 732 1961 etiam
769 1917 1003 1960 distitutus
1040 1930 1123 1958 suo
1159 1917 1342 1972 pylade,
1384 1924 1534 1959 tamen
1572 1915 1757 1958 retinuit

129 2011 255 2040 suam
279 1995 621 2039 animositatem.
648 1994 775 2050 Adijt
803 1993 1144 2037 alexandrinum
1165 1991 1483 2052 [cardinalem]:
1509 2006 1537 2047 4
1559 1992 1751 2050 (inquit),

129 2075 186 2117 D.
213 2075 360 2126 Rme.,
384 2086 633 2128 proponam
654 2086 735 2127 pro
757 2085 828 2113 me
850 2077 1006 2113 contra
1033 2069 1143 2112 istos
1173 2071 1346 2112 Patres.
1377 2071 1516 2112 Facta
1538 2070 1752 2111 facultate

128 2149 322 2201 dicendi,
347 2148 541 2205 primum
560 2147 732 2205 (inquit)
756 2155 824 2190 est
847 2148 968 2202 quod
992 2149 1127 2190 Pater
1148 2146 1343 2189 vicarius
1364 2145 1473 2188 mihi
1495 2160 1548 2190 eo
1572 2144 1752 2187 nomine

128 2225 450 2283 poenitentiam
482 2224 741 2276 iniunxerit,
770 2225 890 2279 quod
907 2223 1017 2266 illud
1045 2223 1050 2282 1
1078 2223 1427 2280 chirographum
1446 2224 1502 2265 ad
1524 2221 1752 2266 Sanctita-

131 2302 410 2346 temDomini
427 2301 581 2345 Nostri
600 2302 630 2354 ⁵,
651 2301 727 2344 illo
745 2300 1018 2354 inconsulto,
1030 2299 1291 2343 mississem.
1304 2299 1496 2355 Indigne
1514 2298 1616 2341 tulit
1633 2298 1726 2354 opti
1742 2325 1751 2328 -

132 2394 232 2422 mus
255 2378 493 2422 cardinalis
509 2377 703 2421 hominis
721 2377 1058 2430 confidentiam3
1084 2377 1255 2420 sciebat
1277 2376 1396 2419 enim
1415 2390 1497 2418 nos
1519 2389 1751 2430 nunquam

131 2463 366 2512 propterea
389 2455 601 2499 Pontium
623 2454 844 2510 arguisse,
870 2455 950 2498 sed
971 2454 1082 2496 illud
1105 2461 1280 2498 tantum
1296 2460 1491 2496 notasse.
1517 2452 1632 2495 Illud
1655 2458 1750 2494 tan-

132 2539 227 2576 tum
249 2533 345 2589 ipse
366 2531 679 2588 praesentibus
701 2544 728 2584 4
750 2531 963 2587 professis
980 2517 1397 2574 diserte-confessus
1419 2530 1565 2572 fuerat
1592 2544 1641 2572 se
1663 2529 1751 2571 ini—

131 2623 219 2664 que
235 2617 433 2652 nostram
450 2609 729 2652 voluntatem
747 2607 882 2651 eundi
901 2607 947 2649 in
965 2607 1229 2663 Hispaniam
1247 2621 1345 2650 esse
1362 2620 1537 2648 summo
1549 2605 1751 2662 pontifici

201 2772 212 2792 ¹
263 2770 331 2813 M.,
347 2769 621 2817 gratissimus.

196 2831 210 2850 ²
260 2829 350 2874 Ms.,
368 2839 523 2864 verum.

198 2888 213 2908 ⁸
261 2887 519 2931 SAccmNUs,
539 2888 616 2921 loc.
639 2886 730 2931 cit.‚
750 2899 815 2922 nn.
841 2887 900 2931 84,
920 2889 983 2931 85.

198 2948 213 2968 ⁴
262 2946 519 2992 SAccmNth,
539 2947 612 2981 loc.
633 2946 715 2992 cit.,
732 2958 774 2982 n.
800 2945 863 2982 86.

201 3006 216 3027 ⁸
264 3006 354 3051 Ms.,
372 3004 422 3041 S.
446 3006 500 3042 D.
520 3005 573 3041 N.
