1958 3210
273 203 318 235 62
839 201 882 235 P.
910 200 1099 236 NATALIS
1125 201 1344 237 EPHEMER.

273 317 348 344 rus
384 307 632 357 perpetuus
669 301 896 356 generalis
923 303 951 355 ¹3
979 302 1059 345 sed
1081 316 1175 344 rem
1198 302 1459 358 permittere
1482 302 1667 346 arbitrio
1695 304 1903 348 Societa-

271 379 341 420 tis:
378 392 471 419 non
492 391 594 422 esse
622 376 879 420 absentium
910 378 1133 434 suffragia
1155 378 1449 422 admittenda:
1474 380 1592 422 velle
1614 380 1745 435 plane
1773 395 1900 424 sum-

267 469 390 497 mum
413 453 677 509 pontificem
701 460 750 496 vt
778 461 934 497 nostra
956 454 1164 497 libertate
1186 462 1380 499 Vtamur:
1407 458 1616 512 supplere
1634 457 1899 501 deuafee-

266 540 354 574 tus:
380 530 610 575 remittere
634 530 832 587 rigorem
856 530 1033 573 illarum
1056 531 1590 576 excommunicationum:
1614 533 1755 577 videri
1778 535 1896 578 San-

262 608 464 651 ctissimo
477 614 525 650 vt
542 607 717 650 habitet
734 607 961 664 generalis
979 609 1165 661 Romae,
1180 607 1267 651 nisi
1285 616 1404 652 esset
1416 624 1471 652 ex
1488 610 1745 655 necessaria
1761 625 1899 654 causa

260 684 484 728 visitanda
507 685 729 729 Societas.
758 687 997 728 Postremo
1020 684 1216 727 absoluit
1238 692 1283 728 et
1306 685 1587 742 dispensauit
1616 702 1720 730 cum
1750 688 1897 731 omni-

258 764 344 805 bus
366 763 424 805 ad
445 762 716 819 legittimam
739 761 1023 806 electiomen.

344 839 476 883 Datis
498 839 746 895 suffragijs,
772 854 828 882 ex
853 851 925 891 20,
952 846 1064 895 quot
1092 846 1221 883 erant
1243 841 1480 893 electores,
1513 841 1667 884 retulit
1698 843 1748 884 P.
1778 843 1871 897 Lay

256 932 336 960 nes
366 930 432 972 13,
465 929 492 970 4
522 918 574 959 Ρ.
609 916 801 968 Natalis,
833 931 973 958 vnum
1009 918 1059 958 Ρ.
1096 916 1384 968 Paschasius,
1410 932 1551 960 vnum
1590 920 1642 960 Ρ.
1677 918 1892 969 Lanoius,

254 1009 393 1037 vnum
420 997 471 1037 P.
499 993 771 1036 Franciscus
790 992 1022 1053 aBorgia.
1058 995 1228 1050 Magna
1256 994 1457 1036 omnium
1487 994 1798 1038 consolatione
1827 1002 1896 1038 est

253 1072 408 1114 audita
429 1079 476 1114 et
498 1078 681 1126 recepta
703 1069 866 1114 electio
889 1071 921 1113 ².
952 1071 960 1128 Ι

341 1150 628 1192 Consecutae
647 1148 797 1190 triduo
815 1147 1145 1203 disputationes
1163 1149 1219 1191 ad
1239 1149 1490 1192 Rotundae.
1510 1148 1688 1191 Deinde
1705 1148 1892 1192 inchoa—

255 1233 326 1269 tae
349 1225 732 1282 congregationes
755 1225 811 1267 de
840 1223 1046 1281 negocijs
1079 1224 1336 1269 Societatis.
1358 1225 1560 1268 Admissi
1599 1226 1656 1268 ad
1677 1227 1758 1268 has
1781 1240 1891 1268 con-

249 1303 543 1359 gregationes
566 1309 897 1358 procuratores.
921 1302 1039 1346 Sunt
1055 1301 1130 1345 illa
1153 1302 1337 1345 decreta
1361 1303 1494 1355 facta,
1522 1317 1638 1358 quae
1661 1309 1817 1346 extant
1845 1302 1892 1344 in

248 1380 361 1423 actis
384 1379 710 1436 posterioribus
734 1379 903 1434 primae
925 1378 1296 1436 congregationis
1320 1380 1561 1435 generalis.

337 1458 365 1500 6
387 1457 484 1512 Iulij
510 1456 706 1500 admissa
728 1463 797 1500 est
820 1463 915 1499 tota
937 1446 1235 1512 congregatio
1258 1456 1314 1498 ad
1339 1458 1547 1499 Paulum.
1570 1458 1739 1501 Sumus
1757 1458 1812 1499 ab
1836 1471 1890 1500 eo

246 1535 421 1591 accepti
443 1533 645 1590 benigna
666 1548 719 1577 ac
740 1533 914 1576 liberali
931 1533 1149 1576 oratione:
1171 1548 1260 1588 qua
1277 1533 1480 1578 oratione
1497 1534 1760 1577 canonicam
1777 1534 1891 1577 dixit

243 1628 296 1655 ac
318 1612 437 1668 piam
457 1612 597 1656 fuisse
620 1610 845 1668 generalis
864 1610 1147 1663 electionem,
1169 1619 1307 1666 atque
1325 1611 1444 1654 illam
1463 1612 1766 1654 confirmauit:
1788 1612 1879 1654 lau-

244 1690 372 1733 dauit
406 1688 647 1734 Societatis
675 1688 817 1731 initia.
856 1687 1143 1731 Praedicauit
1170 1688 1269 1732 eius
1297 1688 1591 1741 incrementa,
1634 1703 1749 1744 quae
1774 1689 1883 1732 114

243 1773 495 1823 acceperat,
519 1773 615 1809 tum
633 1780 837 1819 numero,
860 1772 955 1807 tum
974 1766 1141 1808 fructu.
1165 1767 1241 1819 Se,
1263 1772 1505 1820 antequam
1523 1773 1643 1809 esset
1660 1765 1879 1821 pontifex,

245 1844 521 1888 Societatem
556 1844 754 1895 iuuasse,
788 1858 840 1885 ac
870 1842 1097 1898 pollicitus
1126 1849 1195 1885 est
1224 1858 1274 1886 se
1307 1843 1428 1885 illam
1465 1858 1565 1886 esse
1603 1843 1878 1886 adiuturum.

245 1921 506 1977 Appellauit
529 1921 669 1964 semel
692 1927 771 1963 aut
794 1920 956 1963 iterum
978 1921 1158 1962 beatam
1177 1919 1467 1964 Societatem.
1495 1920 1688 1976 Copiose
1711 1935 1794 1963 nos
1816 1927 1885 1963 est

243 1999 509 2041 adhortatus
531 1998 588 2040 ad
610 1998 937 2053 capescendam
962 2011 1161 2040 crucem.
1188 1997 1369 2040 Diserte
1391 1997 1504 2039 dixit
1527 1998 1733 2040 futurum
1763 1999 1885 2052 quod

242 2076 299 2118 ad
342 2075 539 2129 labores,
583 2074 898 2126 contumelias,
939 2074 1295 2130 persecutiones,
1343 2075 1399 2117 ad
1436 2081 1626 2117 mortem
1670 2089 1885 2118 vocemur

242 2160 424 2209 propter
445 2167 612 2195 nomen
635 2151 774 2209 [Jesu]
798 2150 986 2205 eiusque
1004 2151 1256 2194 ecclesiam.
1280 2150 1520 2195 Benedixit
1538 2165 1620 2193 nos
1638 2165 1794 2194 omnes
1813 2158 1881 2193 ter

242 2236 517 2285 praesentes,
544 2229 678 2272 simul
701 2229 914 2272 absentes
937 2242 1113 2281 omnes,
1139 2235 1366 2283 quotquot
1383 2227 1429 2269 in
1448 2227 1676 2271 Societate
1694 2243 1881 2272 versan-

241 2316 327 2350 tur.
359 2307 365 2365 Ι
395 2306 694 2350 Confirmauit
713 2307 1003 2357 Sometatem,
1026 2320 1182 2349 omnes
1204 2305 1302 2348 eius
1320 2305 1504 2361 gratias,
1526 2305 1716 2358 indulta,
1736 2304 1879 2360 priui—

239 2385 373 2441 legia,
400 2392 490 2427 tam
514 2383 764 2440 spiritualia
787 2397 921 2438 quarn
945 2382 1223 2438 temporalia,
1249 2396 1563 2437 quaecumque
1585 2382 1658 2425 vel
1680 2397 1706 2424 a
1727 2396 1777 2425 se
1804 2383 1876 2426 vel

172 2485 175 2487 ‡
237 2464 293 2505 ab
317 2462 415 2517 alijs
448 2460 636 2504 summis
664 2459 955 2517 pontificibus
983 2459 1233 2515 accepisset
1261 2458 1479 2503 Societas.
1508 2462 1743 2503 Postremo
1780 2458 1873 2501 sin-

237 2539 351 2595 guli,
384 2540 523 2595 pedes
551 2537 759 2590 osculati,
792 2536 1049 2593 accepimus
1078 2536 1280 2592 proprias
1303 2536 1661 2581 benedictiones.
1699 2536 1875 2580 Detulit

240 2619 375 2658 Pater
397 2615 623 2672 generalis
646 2614 888 2659 Societatis
910 2613 1231 2658 obedientiam.

325 2692 429 2736 Dixi
452 2706 596 2749 pauca
618 2693 674 2735 de
695 2691 925 2736 Societate
948 2698 993 2733 et
1015 2690 1252 2744 electione,
1278 2690 1429 2733 omnia
1451 2705 1550 2734 esse
1579 2691 1664 2733 sub
1689 2689 1875 2733 arbitrio

235 2778 279 2813 et
303 2770 574 2813 auctoritate
597 2770 720 2814 Suae
741 2767 1021 2813 Sanctitatis.
1049 2767 1288 2811 Benedixit
1310 2767 1474 2812 iterum
1498 2769 1670 2811 Paulus
1696 2769 1726 2810 ³.

306 2898 313 2915 ¹
367 2895 440 2929 Ms.
452 2894 703 2942 generalem.

301 2957 314 2975 ²
366 2953 625 2999 SACCHmUs,
646 2954 720 2988 loc.
740 2952 824 2998 cit.,
843 2964 914 2987 nn.
935 2961 995 2998 29,
1014 2950 1073 2986 30.

300 3014 313 3033 ⁵
364 3012 623 3056 SAccmNUs,
643 3014 719 3048 loc.
743 3011 826 3056 eit„
845 3024 915 3047 nn.
939 3010 1067 3056 36-42.
