1958 3210
268 176 341 211 680
893 178 1034 213 Emsr.
1067 177 1096 211 P
1106 203 1115 212 .
1148 176 1297 212 NADAL

269 284 475 333 optatum
500 278 671 321 exitum
695 278 1002 333 perducantur
1025 278 1157 335 (214).
1192 278 1463 322 Litterarum
1487 293 1667 334 quoque
1695 280 1909 335 frequen-

270 360 382 404 tium
403 361 655 405 subsidium
674 360 758 403 sibi
781 360 1087 405 necessarium
1107 360 1347 413 existimat,
1369 375 1536 416 easque
1559 361 1740 406 nomine
1763 364 1908 407 Lainii

271 446 512 499 pollicetur
537 445 763 487 Polancus
789 446 827 500 (2
840 444 920 499 15).

360 531 415 571 Et
438 531 520 571 hos
543 527 725 583 quidem
750 527 922 570 Natalis
946 528 1124 572 labores
1148 527 1260 571 tanti
1283 528 1498 571 momenti
1527 543 1607 584 pro
1639 530 1758 572 bono
1780 544 1907 573 com-

269 612 396 655 muni
418 611 645 655 existimat
667 611 850 663 Lainez,
879 618 927 654 ut
956 611 1249 668 collegiorum
1280 612 1550 655 Germaniae
1580 612 1906 669 inspectionem

267 695 564 739 differendam
583 701 782 746 censeat,
804 695 953 750 quoad
976 709 1046 737 res
1069 694 1328 750 Oeniponte
1346 702 1641 750 pertractatae
1658 697 1755 751 ejus
1778 711 1907 752 prae-

267 778 459 822 sentiam
479 778 709 833 postulare
727 777 966 820 videantur
985 779 1112 834 (220).
1135 779 1371 833 Quantum
1389 786 1540 823 autem
1559 779 1654 834 spei
1672 787 1909 835 reponeret

269 861 457 904 nuntius
480 861 525 903 in
549 861 723 905 Natalis
741 861 955 914 consiliis,
977 863 1096 906 clare
1118 861 1259 916 liquet
1277 877 1333 904 ex
1351 861 1419 915 iis,
1442 877 1557 917 quae
1574 863 1624 918 in⁴
1644 862 1831 918 epistola
1855 865 1909 905 ad

268 945 498 1001 praesides
517 944 677 1000 synodi
691 944 762 987 die
782 958 837 988 2o
855 944 1088 989 Februarii
1101 946 1203 988 data
1223 947 1467 989 asserebat:
1488 960 1661 1001 «neque
1677 946 1907 989 Canisium

269 1043 418 1084 neque
453 1029 715 1084 episcopum
754 1028 1032 1084 petinensem
1062 1028 1308 1084 quidquam
1336 1028 1382 1071 in
1411 1043 1659 1086 congressu
1688 1029 1904 1084 dicturos,

266 1112 390 1167 quod
414 1119 457 1156 et
480 1127 505 1154 a
530 1114 580 1154 P.
608 1111 758 1154 Natali
780 1119 825 1155 et
848 1127 873 1154 a
895 1111 1043 1167 seipso
1066 1111 1189 1168 prius
1219 1127 1310 1154 non
1333 1115 1684 1168 approbaretur»
1712 1114 1843 1171 (219).

357 1198 526 1240 Rerum
551 1211 575 1238 a
596 1195 807 1238 Patribus
825 1195 975 1239 Natali
993 1203 1037 1238 et
1056 1195 1239 1239 Canisio
1258 1196 1516 1251 Oeniponte
1539 1204 1769 1252 gestarum
1788 1198 1905 1240 fama

268 1281 458 1322 Romam
480 1280 651 1335 perlata
668 1294 904 1322 romanum
922 1279 1181 1335 pontificem
1199 1279 1388 1334 ejusque
1406 1279 1576 1322 curiam
1595 1295 1771 1323 summo
1789 1295 1898 1337 gau

265 1363 341 1406 dio
370 1363 636 1415 cumulavit,
672 1371 804 1419 prout
829 1370 1022 1406 testatur
1055 1363 1297 1414 Polancus,
1324 1362 1507 1405 nomine
1531 1363 1675 1407 Lainii
1704 1363 1906 1407 scribens

269 1455 364 1489 tum
388 1447 444 1489 ad
467 1447 618 1490 socios
648 1449 816 1490 Romae
846 1454 1199 1500 commorantes,
1232 1454 1328 1489 tum
1358 1447 1415 1489 ad
1445 1448 1497 1489 P.
1532 1447 1814 1490 Ludovicum
1844 1447 1905 1489 du
1943 1485 1946 1490 .

266 1531 501 1586 Coudrey,
534 1538 579 1572 et
608 1530 741 1573 simul
770 1531 971 1574 referens
1001 1529 1365 1573 dissertationem
1389 1545 1414 1573 a
1443 1531 1614 1581 Natali,
1647 1531 1906 1586 postulante

266 1614 463 1666 Dolfino,
490 1615 791 1667 lucubratam,
816 1613 862 1655 in
886 1628 974 1668 qua
998 1614 1115 1656 ultra
1143 1613 1378 1669 octoginta
1401 1613 1696 1656 auctoritates
1719 1628 1798 1657 seu
1831 1628 1903 1669 ar—

266 1705 486 1752 gumenta
503 1696 734 1753 congessit
758 1697 815 1739 ad
832 1697 1231 1740 demonstrandam
1250 1698 1366 1738 hanc
1390 1696 1568 1749 thesim,
1589 1698 1710 1752 quod
1733 1695 1903 1739 scilicet

263 1796 378 1837 papa
401 1781 457 1823 sit
481 1787 636 1836 pastor
659 1780 925 1823 universalis
948 1779 1181 1824 ecclesiae.
1209 1781 1275 1822 Ex
1298 1782 1384 1822 hoc
1407 1786 1559 1824 autem
1580 1787 1776 1822 tractatu
1798 1780 1902 1824 Sta—

264 1864 452 1920 phylum
474 1863 676 1918 aliosque
699 1864 857 1907 eodem
886 1877 938 1906 ac
967 1862 1040 1906 ille
1070 1863 1183 1918 pede
1210 1862 1518 1905 claudicantes
1547 1870 1722 1905 tantum
1751 1862 1904 1918 profe-

263 1947 395 1999 cisse,
424 1954 471 1990 ut
494 1947 580 1989 illis
603 1946 695 1989 vita
724 1947 1058 2002 quodammodo
1088 1945 1263 1989 reddita
1292 1945 1442 1997 fuerit,
1469 1946 1648 2002 scripsit
1671 1946 1789 1990 idem
1815 1947 1905 1988 Po-

266 2031 425 2074 lancus
448 2033 566 2087 (223,
594 2043 695 2085 224,
725 2031 825 2083 228,
855 2031 971 2085 236).

356 2114 611 2157 Postulavit
634 2114 819 2170 insuper
842 2114 1054 2156 Dolfinus
1076 2129 1101 2157 a
1132 2116 1183 2157 P.
1211 2114 1377 2166 Natali,
1405 2122 1454 2156 ut
1484 2113 1744 2156 efficacibus
1766 2127 1905 2169 argu-

266 2197 430 2242 mentis
454 2197 625 2242 caesari
650 2198 924 2253 persuadere
947 2205 1205 2250 conaretur,
1226 2213 1283 2241 ne
1306 2196 1669 2240 reformationem
1688 2196 1905 2240 ecclesiae

265 2281 311 2323 in
334 2281 482 2337 capite
505 2296 530 2324 a
552 2280 743 2323 concilio
766 2288 920 2336 petere
938 2287 1196 2332 attentaret,
1218 2281 1340 2335 quod
1358 2280 1538 2335 quidem
1562 2280 1692 2322 solita
1708 2279 1898 2336 diligen-

265 2364 327 2407 tia
349 2378 401 2407 ac
424 2365 576 2407 studio
600 2365 675 2408 ille
697 2364 937 2420 praestitit,
958 2378 1043 2407 nec
1066 2363 1164 2406 sine
1184 2365 1350 2417 fructu3
1373 2379 1493 2417 narn,
1514 2371 1648 2419 prout
1665 2363 1903 2419 episcopus

266 2447 756 2503 quinqueecclesiensis
786 2447 1004 2491 Tridento
1032 2447 1202 2500 retulit,
1229 2447 1472 2503 imperator
1500 2446 1649 2490 Natali
1679 2447 1903 2502 postulata

263 2545 347 2575 sua
369 2546 654 2587 summopere
685 2532 918 2575 moderata
941 2538 986 2573 et
1009 2545 1120 2587 erga
1148 2531 1300 2573 sedem
1332 2530 1622 2586 apostolicam
1652 2529 1905 2574 reverentia

263 2614 417 2658 debita
439 2622 483 2657 et
507 2614 796 2658 observantia
819 2615 952 2669 plena
974 2616 1128 2657 futura
1150 2629 1251 2658 esse
1275 2613 1550 2657 asseveravit
1574 2613 1821 2669 (222-224).

356 2696 776 2740 Animadvertenda
798 2705 867 2739 est
896 2696 1031 2740 etiam
1061 2695 1302 2752 prudentia
1335 2695 1454 2738 illius
1486 2695 1571 2738 viri
1601 2695 1646 2737 in
1673 2695 1767 2738 suis
1795 2709 1905 2738 con-

261 2779 495 2834 gressibus
518 2794 622 2822 cum
646 2780 931 2836 imperatore:
959 2779 1005 2822 in
1032 2779 1085 2822 iis
1109 2779 1230 2822 enim
1260 2779 1405 2822 noluit
1430 2779 1577 2822 Patris
1601 2778 1767 2821 Lainez
1796 2793 1907 2833 apo-

262 2862 430 2918 logiam
453 2864 508 2906 de
533 2878 617 2906 usu
648 2863 798 2906 calicis
827 2878 1200 2916 commemorare,
1234 2862 1401 2919 quippe
1429 2862 1507 2917 qui
1536 2862 1676 2917 probe
1697 2868 1902 2912 noverat,

261 2959 484 2999 quaenam
508 2954 626 2990 esset
650 2945 846 2990 caesaris
868 2953 914 2989 et
938 2932 1238 3002 quorumdam
1261 2960 1498 3002 procerum
1522 2959 1651 2988 mens
1668 2943 1715 2985 in
1732 2945 1817 2986 hac
1834 2956 1903 2988 re.
